2498 4178
412 429 471 484 Lib.
491 428 538 484 Vl.
567 428 712 501 Tropetes.
812 498 813 502 ἵ
963 429 1026 494 115

75 594 212 670 00011101,
235 607 375 671 passum,
398 587 561 669 liquamen
585 593 616 654 et
639 589 743 654 oleum
766 586 894 653 modice
926 593 957 652 et
986 587 1020 652 in

76 678 258 742 caccabum.
283 675 384 742 facies
414 682 448 740 ut
471 676 589 741 bulliat.
621 677 744 741 amolas
775 683 807 742 et
837 677 884 741 sic
915 681 1024 762 partes

76 764 237 831 strutionis
259 764 292 828 in
308 765 401 830 lance
420 763 585 848 pert'undis
603 770 634 828 et
650 764 790 848 desuper
805 764 898 851 piper
914 784 1023 850 aspar-

76 855 136 936 gis.
161 853 189 918 si
211 859 317 918 autem
347 852 380 917 in
403 852 601 917 condituram
626 872 765 936 coquere
788 853 936 932 volueris,
968 853 1023 917 all-

77 963 147 1008 cam
171 941 273 1006 addis.
298 941 399 1006 Aliter
420 942 574 1006 strutione
591 941 692 1006 elixo:
716 941 818 1027 piper,
843 942 1026 1024 ligisticum,

76 1031 195 1109 timum,
222 1031 329 1094 timum
353 1036 408 1094 aut
430 1031 611 1110 satureiam,
635 1031 708 1112 mel,
725 1050 857 1114 senape,
889 1035 1025 1111 acetum,

77 1120 238 1200 liquamen
262 1123 293 1184 et
316 1117 431 1183 oleum.

145 1208 219 1272 213.
254 1207 299 1270 In
328 1225 429 1288 grue
457 1206 531 1271 vel¹
555 1212 698 1287 anate,
723 1206 910 1291 perdice,
943 1212 1029 1271 tur-

77 1300 179 1377 ture,
203 1294 408 1379 palumbo,
441 1295 631 1359 columbo
664 1300 703 1360 et
726 1295 910 1361 diversis
941 1295 1029 1360 ari-

78 1386 169 1450 bus:
193 1403 306 1465 gruem
330 1384 382 1449 vel
413 1389 540 1448 anatem
570 1384 672 1465 lavas,
705 1404 800 1449 ornas
831 1389 863 1450 et
893 1383 1030 1449 includis

77 1472 111 1538 in
123 1473 228 1554 ollam,
245 1471 505 1553 adicies-aquam,
529 1472 640 1553 salem,
664 1479 792 1538 anetum
810 1472 942 1538 dimidia
958 1492 1030 1538 coc·
1059 1540 1062 1545 ,

79 1567 150 1626 turo
193 1560 347 1642 decoquis
379 1560 454 1624 dum
486 1559 666 1626 obduretur.
690 1562 780 1627 levas
805 1562 972 1627 etiterum
996 1561 1030 1625 in

79 1651 253 1716 caccabum
278 1649 374 1713 mittis
398 1668 468 1714 cum
498 1649 569 1715 oleo
594 1655 626 1714 et
648 1650 830 1732 liquamine,
863 1670 934 1716 cum
964 1649 1029 1715 fas-

80 1739 182 1807 ciculo
207 1738 331 1821 origani
355 1744 386 1804 et
410 1737 579 1803 coriandri.
603 1758 706 1823 prope
731 1745 890 1805 cocturam
916 1738 1030 1804 defric-

77 1833 144 1895 tum
167 1826 292 1892 modice
307 1826 404 1891 mittis
423 1832 458 1891 ut
474 1827 603 1892 coloret.
620 1832 706 1893 teres
721 1828 823 1911 piper,
848 1827 1030 1911 ligisticum,

79 1915 239 1997 ciminum,
256 1915 468 1996 coriandrum,
484 1915 597 1980 lasaris
613 1916 765 1998 radicem,
786 1923 898 1998 rutam,
924 1936 1032 1982 caroe-

79 2024 164 2086 num,
189 2004 261 2086 mel,
285 2003 440 2070 suffundis
463 2004 512 2068 ius
537 2006 578 2070 de
602 2024 659 2069 suo
683 2003 753 2086 sibi,
787 2010 878 2071 aceto
909 2011 1030 2090 tempe-

77 2169 190 2232 petes,
208 2162 354 2229 αἐροπέτης,
381 2162 473 2230 ,quod
498 2162 526 2216 in

77 2249 113 2289 eo
124 2234 204 2288 libro
224 2233 259 2288 dc
277 2233 359 2287 avicii
377 2233 487 2300 generis
498 2239 527 2288 et

77 2304 222 2360 volucrum
240 2305 267 2358 in
289 2306 353 2358 abre
374 2303 526 2358 volantium

78 2377 220 2443 vitamque
245 2375 456 2443 transigendum
478 2375 527 2428 ob-

79 2447 165 2500 soniis
184 2451 213 2500 et
232 2446 384 2500 condituris
408 2446 525 2512 agitur.“

132 2517 170 2570 ad
189 2516 249 2571 ⁶212.
283 2515 453 2570 struthiones
472 2517 527 2569 iam

79 2593 268 2641 memorantur
291 2587 317 2640 in
344 2601 431 2641 coena
456 2586 529 2654 lphi-

80 2658 164 2712 cratis
190 2672 235 2725 ap.
260 2657 364 2712 Athen.
390 2659 415 2720 4,
442 2658 457 2709 1
482 2652 528 2711 fin.

80 2728 282 2797 Heliogabalus
303 2728 530 2793 ,struthiocame-

81 2799 125 2853 los
152 2797 278 2853 exhibuit
304 2801 332 2853 in
359 2800 452 2854 coenis
480 2799 530 2852 ali-

81 2870 209 2939 quoties“
224 2876 253 2924 et
265 2877 475 2935 „sexcentorum
487 2886 530 2924 ce·

81 2941 204 2996 rebella“
230 2941 306 3008 apud
331 2941 469 3008 Lamprid.
495 2941 530 2993 ‘28

82 3017 112 3067 et
129 3012 171 3066 30.
193 3010 309 3066 Africae
323 3011 529 3080 gentibusnon·

82 3082 165 3136 nullis
190 3097 239 3137 eos
262 3082 355 3137 adhuc
379 3082 470 3137 cibum
492 3083 532 3136 iu-

82 3153 202 3208 cundum
221 3169 282 3209 esse
302 3159 422 3208 constat.
442 3154 469 3207 in
484 3152 532 3207 tri-

84 3225 136 3280 bus
164 3225 245 3279 codd.
274 3224 478 3280 structione
504 3229 533 3278 et

84 3297 300 3351 structionis
338 3303 369 3350 ut
407 3296 533 3357 structi0‚

84 3368 198 3430 structo,
226 3367 328 3422 strutio
356 3369 384 3420 in
412 3365 533 3422 Aethico

84 3438 248 3508 Hieronymi
267 3438 380 3497 105‚3l.
400 3438 535 3506 etplanta

86 3509 225 3578 στρούθιον
243 3509 271 3561 111
290 3509 375 3562 Macri
388 3509 461 3562 Flor.
473 3509 533 3562 907.

86 3581 535 3645 11111101111110100,011·1111011,011110-

576 2970 581 2979 v

581 2161 639 2216 tion
659 2167 711 2217 cet.
730 2162 862 2216 scribitur
880 2167 909 2217 et
927 2163 954 2215 in
975 2161 1033 2216 Vo-

581 2232 723 2287 cabulario
758 2233 869 2300 Optimo
898 2231 1034 2287 Wacker-

580 2317 643 2371 nag.
670 2319 697 2371 p.
716 2304 758 2357 43.
787 2304 907 2368 „structo
927 2306 1032 2366 strus“‚

580 2372 1032 2429 indeRomanifeceruntstrunzo.
1084 2437 1086 2442 ,

582 2474 614 2481 -
634 2459 748 2499 assum
767 2445 926 2507 assicatum‚
947 2443 1035 2498 sicca-

581 2520 648 2578 tum,
674 2515 784 2571 frictum
811 2517 862 2568 221
897 2514 1034 2570 torrefac-

584 2593 651 2649 tum,
676 2593 825 2656 postquam
845 2588 872 2640 in
892 2592 975 2640 aceto
994 2587 1036 2640 in-

584 2655 674 2711 fusum
699 2664 742 2712 est
769 2658 828 2710 105.
854 2658 890 2694 -’
913 2673 1037 2712 careo·

584 2734 638 2782 tas
658 2730 739 2783 codd.
760 2734 931 2798 caryotas
950 2729 984 2782 H.
1004 2757 1036 2770 -·

584 2806 706 2866 partes
716 2799 829 2867 pulpam
837 2799 968 2867 pectoris,
980 2797 1038 2853 for-

584 2876 659 2924 tasse
684 2878 713 2925 et
739 2871 801 2923 alas
828 2885 899 2938 quae
926 2870 955 2922 in
975 2869 1038 2922 aliis

583 2941 682 2994 avibus
701 2939 902 3008 praeferuntur.
920 2955 1038 3006 -per-

585 3009 705 3064 fundis
725 3027 758 3064 eo
778 3010 846 3064 iure.
869 3039 900 3047 —
919 3010 953 3062 in
974 3015 1040 3063 ante

588 3082 793 3146 ,condituram“
818 3095 888 3134 unus
907 3085 926 3143 β
945 3095 1040 3135 serva-

587 3154 635 3206 vit.
657 3182 690 3189 -

641 3223 678 3276 ad
689 3225 748 3277 213.
769 3222 825 3277 vel
841 3228 907 3277 ante
924 3225 1039 3288 ,ornas“

588 3294 680 3349 delevi
699 3294 734 3350 cf.
754 3295 814 3347 216.
841 3293 901 3347 234.
923 3294 987 3348 ⁴243.
1010 3323 1042 3330 -

588 3366 694 3420 ollam
712 3382 763 3433 pro
784 3365 864 3419 olla
883 3381 918 3419 cx
936 3364 1042 3418 234--

589 3437 689 3491 levas
709 3436 805 3491 eximis
829 3451 909 3489 avem
930 3436 965 3489 de
985 3433 1044 3487 olla

589 3508 662 3563 etin
683 3508 805 3562 caccabo
831 3507 913 3574 plene
934 3505 1041 3574 coquis.

588 3579 662 3633 idem
682 3576 715 3631 lit
734 3580 793 3631 216,
815 3578 874 3630 242.
896 3579 958 3630 251.
978 3577 1044 3633 coll.
