2498 4178
375 432 436 494 Lib.
454 434 489 493 V.
527 432 672 508 Tropetes.
979 432 1042 501 119

95 599 162 664 tam
173 593 286 662 mistae
302 597 400 663 bacas
415 597 466 664 vel
482 616 575 662 uvam
592 616 731 681 passam,
748 597 821 679 mel,
837 595 953 678 vinum,
970 615 1042 664 ace·

93 686 368 767 tum‚·.liquamen‚·
387 686 501 753 eleum.
526 686 623 753 uteris
646 686 774 785 frigido.

162 775 236 842 221.
261 774 431 841 Perdicem
455 795 526 841 cum
549 775 659 858 pluma
682 795 740 840 sua
763 775 874 854 elixas,
898 773 943 839 ibi
958 792 1042 839 ema-

56 877 58 880 ⁴
94 861 255 928 deiectam
279 862 446 950 depilabis.
471 863 630 948 perduces
648 869 777 930 coctura
794 863 909 928 occisa.
926 860 1042 945 perdix

93 956 199 1038 potest
223 972 263 1023 ex
286 952 354 1018 iure
379 953 481 1036 coqui.
504 973 568 1017 ncn
591 953 782 1018 indurescat.
808 953 835 1017 si
846 952 960 1018 iterum
980 951 1042 1018 fer·

92 1040 204 1120 ruerit,
230 1041 315 1109 elixa
339 1041 433 1124 ecqui
457 1041 563 1108 debet.
913 1060 918 1071 ·
1137 1048 1144 1059 “

161 1130 236 1194 222.
261 1129 306 1194 111
329 1129 506 1217 perdice
530 1136 569 1196 et
592 1135 800 1212 attagena
824 1135 863 1194 et
892 1130 924 1193 iu
956 1135 1041 1193 tur-

91 1221 200 1284 ture:
225 1218 327 1303 piper,
351 1217 532 1302 ligisticum,
556 1224 705 1298 mentum,
737 1223 828 1288 rutae
857 1238 977 1303 semen,
1006 1217 1042 1283 li-

91 1325 240 1392 quamen,
265 1327 385 1373 merum
409 1313 445 1373 et
464 1309 579 1374 oleum.
605 1306 788 1374 calefacies.

144 1483 181 1538 ad
200 1485 261 1538 221.
281 1483 323 1540 sie
338 1484 435 1553 paucis
453 1491 542 1539 muta»
596 1485 641 1547 rit,
659 1484 783 1540 lixivium
794 1482 1043 1547 adhibendumsst,

91 1555 129 1611 tis
147 1555 175 1609 in
195 1562 304 1625 septem
323 1554 407 1610 libris.
427 1556 478 1612 ibi
495 1557 543 1612 de·
596 1571 669 1626 quae
687 1557 743 1612 lixa
762 1557 799 1613 sit
816 1555 960 1612 Plutarchi
978 1556 1009 1610 T.
1026 1557 1044 1612 8

91 1626 156 1699 inde
181 1627 242 1682 206.
267 1626 292 1682 si
314 1626 454 1695 displicet,
478 1629 542 1697 lege
596 1643 623 1696 p.
644 1628 702 1683 784.
722 1629 755 1682 R.
783 1635 879 1697 νίτρον,
898 1627 1042 1697 pottasch·

90 1697 190 1752 elixa
207 1699 238 1753 si
257 1697 318 1761 vis,
337 1698 542 1754 mad-ibi
596 1698 679 1769 lauge
715 1699 762 1766 (ad
795 1699 879 1769 Garg.
908 1699 986 1753 Mart.
1014 1714 1042 1767 p.

91 1775 127 1824 ct
144 1769 231 1823 mad.
252 1769 334 1824 codd.
354 1785 415 1823 cum
427 1770 541 1825 difficile
595 1770 650 1836 41.)
670 1786 725 1839 quo
745 1771 846 1826 Noster
869 1771 927 1824 191.
954 1774 1043 1823 casta

90 1840 128 1894 sit
152 1840 229 1894 dictu
248 1840 314 1908 quid
337 1857 440 1903 verum,
465 1841 541 1895 varie
595 1856 663 1894 neas
683 1843 766 1909 ecqui
789 1841 876 1902 iubet,
899 1840 947 1894 alii
967 1841 1044 1908 legu-

90 1910 345 1974 emendare..varie
365 1912 542 1980 interpretari
593 1912 676 1965 mina.
709 1929 781 1967 nunc
814 1912 907 1966 malim
941 1912 1044 1973 alica,

92 1982 166 2037 licet.
193 2010 228 2021 -
248 1981 451 2050 „depilabis
468 1983 542 2051 pilos
596 1982 672 2050 quod
689 1982 1042 2051 5151551551511565111212.

93 2053 174 2122 quasi
193 2051 332 2108 detrahes.
357 2054 472 2108 restitue
491 2053 542 2108 Pe-

91 2123 206 2192 lagonio
233 2123 257 2178 6.
283 2139 309 2191 p.
338 2123 380 2177 34.
399 2139 451 2192 pro
479 2124 542 2189 „de-

91 2194 209 2262 spisas“.
229 2195 270 2248 sie
288 2192 408 2244 ἓκπιλοῡν
418 2199 448 2248 et
463 2194 542 2262 ἔκτρι-

89 2268 162 2333 χοῦν
191 2271 234 2320 est
269 2279 375 2333 pennas
413 2265 541 2322 evellere.

90 2336 160 2390 Diez
180 2337 244 2390 Lex.
257 2334 283 2389 d.
297 2351 364 2389 rcm.
376 2352 430 2405 spr.
442 2353 469 2404 p.
480 2337 541 2390 257.

91 2406 152 2460 264.
180 2437 212 2446 -
242 2412 390 2461 noctura
418 2408 543 2462 occisa

92 2476 220 2541 occidua,
248 2483 368 2541 mortua,
397 2478 542 2542 exstincta,

91 2547 205 2612 flamma
215 2549 387 2612 5511111555,
407 2549 483 2618 ligno
496 2565 542 2604 ex-

91 2622 168 2674 'e'mto
193 2619 264 2674 Plln.
290 2618 334 2681 24,
360 2620 419 2673 125.
445 2620 542 2674 55111-

91 2690 229 2744 durescat.
263 2690 440 2759 perduces
478 2706 542 2745 eon-

92 2752 179 2824 ficies.
188 2761 320 2816 absolves
328 2776 397 2816 5511.
408 2778 460 2831 pro
469 2777 541 2831 per-

91 2831 200 2897 dices,
219 2832 247 2886 in
266 2848 322 2887 uuo
341 2845 399 2900 par.
418 2831 541 2900 perdi·

90 2917 229 2956 5515-
258 2918 299 2958 ex
335 2904 413 2956 iure
449 2903 541 2957 iuste?

89 2972 128 3026 ad
146 2972 189 3027 54.
216 3004 249 3013 -
275 2975 403 3027 iterum
429 2990 463 3028 ex
481 2988 539 3041 par.

89 3059 142 3115 pro
168 3044 304 3098 dierum
329 3043 362 3098 cf.
389 3044 429 3096 67.
455 3043 541 3098 semel

89 3114 131 3168 65.
160 3145 192 3154 -
223 3114 321 3170 elixa
345 3114 369 3167 si
397 3120 441 3169 est
465 3130 540 3183 „pen

92 3185 140 3240 dix
159 3186 289 3248 elixata“‚
309 3183 538 3240 5551515151267.

89 3257 227 3311 elixantur
238 3262 400 3325 coquuntur.
412 3257 472 3310 386.
490 3256 539 3310 eli-

87 3341 138 3381 xas
166 3333 197 3382 ut
222 3334 366 3396 coquatur.
393 3327 452 3381 289.
477 3342 539 3395 per·

89 3397 207 3455 elixabis
226 3403 257 3453 ut
273 3398 356 3466 coqui
371 3398 468 3466 possit.
489 3398 540 3452 sed

88 3467 166 3540 aliud
190 3466 279 3524 latere
304 3468 422 3523 videtur.
446 3468 539 3522 inveni

88 3539 118 3593 si
150 3555 260 3596 serum
280 3537 410 3599 1115111,
436 3539 540 3594 elixa

88 3627 117 3668 c.
137 3611 170 3669 d.
189 3611 214 3666 si
222 3610 386 3674 induruerit,
402 3611 472 3666 dura
482 3610 540 3669 fue·

595 2052 657 2106 248.
684 2054 744 2111 252.
774 2053 847 2108 sorte
874 2053 978 2120 „elixa“
1005 2060 1044 2106 te·

595 2123 687 2178 nenda
706 2130 734 2178 et
759 2124 862 2188 „aliea“
889 2123 1044 2192 supplenda

596 2199 646 2248 est.
677 2193 711 2248 ef.
737 2196 780 2247 42.
806 2195 867 2248 303.
893 2199 922 2248 et
944 2193 1044 2248 suadet

595 2265 715 2319 Martial.
735 2268 760 2328 2,
770 2266 814 2328 37,
830 2266 853 2319 6.
876 2265 1043 2329 „stillantem

596 2335 670 2389 alica
705 2351 756 2389 sura
792 2336 976 2404 palumbum“.
1010 2366 1042 2374 —

596 2406 688 2476 magni
709 2409 841 2462 momenti
859 2412 903 2461 est
919 2405 1043 2465 codicem

595 2491 653 2545 par.
668 2476 954 2546 legereperdicem
971 2492 1043 2531 cum

595 2548 716 2615 pluma
743 2565 803 2604 sua
832 2550 949 2603 elixas
984 2547 1043 2602 ubi

596 2623 629 2672 et
647 2617 885 2684 madefactam
909 2618 1043 2687 depila-

594 2689 651 2743 bis
687 2691 866 2759 perdicem
909 2696 1043 2745 coctam

596 2760 713 2814 occisa
741 2762 867 2829 perdix
894 2766 978 2829 pust
1005 2778 1043 2815 ex

596 2830 673 2886 iure
708 2833 812 2901 coqui
846 2849 913 2885 non
941 2831 1043 2885 indu-

595 2908 715 2955 rescat
733 2909 771 2956 ut
789 2903 818 2956 si
837 2903 965 2956 iterum
980 2899 1043 2955 fer-

595 2971 718 3027 buerit
751 2974 781 3026 si
815 2972 903 3026 dura
932 2970 1044 3025 fuerit
1079 3015 1088 3028 .

595 3042 689 3096 elixa
707 3043 940 3112 ecquidebet.
967 3041 1042 3110 qucd

594 3113 618 3167 si
637 3113 734 3168 scribis
748 3114 792 3168 vel
802 3114 916 3182 supples
928 3113 1043 3178 „aliea“‚

594 3183 652 3239 eius
682 3185 787 3239 codicis
817 3185 918 3249 „dura“
947 3184 1065 3252 potest

593 3254 719 3325 intellegi
754 3257 839 3310 cruda
872 3255 953 3317 alica,
988 3271 1042 3309 non

594 3326 705 3389 elixata,
731 3328 754 3380 si
780 3334 857 3382 tenes
886 3326 989 3392 „elixa“
1016 3332 1043 3382 et

594 3395 703 3452 confers
737 3398 863 3452 similiter
895 3398 971 3451 dicta
998 3397 1042 3451 51.

594 3468 653 3521 218.
674 3470 733 3522 353.
759 3470 819 3522 372.
847 3484 880 3522 ea
899 3467 1042 3522 151115111-

595 3541 755 3606 terpreteris
777 3539 815 3603 „si
827 3538 914 3603 habes
927 3539 1040 3592 duraur‘⁴

594 3611 610 3666 i.
631 3625 654 3664 5.
680 3609 750 3669 illud
775 3609 900 3666 Arabum
923 3608 1042 3670 frumen·
