2498 4178
969 452 1030 515 111
1086 431 1092 436 ’

386 448 447 504 Lib.
467 449 499 504 V.
538 448 666 537 Ospreos.

78 615 155 672 vata
178 608 282 676 mittes
305 608 337 672 in
362 609 497 674 eundem
521 609 651 691 pullum.
684 629 755 673 cum
787 616 895 676 coctus
926 611 1030 690 luerit,

80 698 181 776 levas,
207 716 339 760 exossas
364 696 526 783 [concides
550 697 728 761 minutatim
759 718 872 781 cepam
897 706 929 762 et
952 700 1030 764 cori-

79 783 237 870 andruml,
262 786 348 850 colas
383 785 426 849 ibi
450 785 553 868 pisam
571 791 705 866 coctam,
730 806 794 849 non
811 786 972 852 conditam
988 827 1031 836 —-

79 873 222 955 accipies
246 875 431 954 angularem
457 911 497 919 —
527 892 586 954 pro
610 873 705 937 modo
737 895 900 957 conponas
931 877 1028 942 uarie.

79 959 307 1035 deindeteres
330 962 432 1044 piper,
457 961 615 1040 ciminum,
640 961 796 1026 suffundis
826 964 876 1027 ius
907 963 949 1029 de
972 985 1029 1029 suo
1077 985 1082 990 ·

53 1049 149 1130 sibi,
173 1049 250 1113 item
272 1049 305 1113 in
330 1050 478 1113 mortario
503 1069 565 1113 ova
588 1048 650 1113 duo
675 1048 833 1132 dissolvis,
856 1057 1029 1134 temperas.

81 1135 141 1224 [ius
165 1136 206 1202 de
230 1157 288 1201 suo
312 1136 383 1223 sibi]
407 1137 563 1202 suffundis
586 1138 678 1221 pisae
701 1138 826 1221 integre
843 1139 956 1222 elixae,
978 1142 1039 1206 vel·

80 1225 202 1291 nucleis
234 1225 417 1308 adornabis,
449 1233 480 1290 et
507 1227 594 1291 lento
612 1225 679 1307 igni
708 1227 836 1293 fervere
865 1227 966 1295 facies
998 1235 1030 1295 et
1113 1235 1119 1242 ‘

77 1313 205 1380 inferes.

147 1403 223 1468 207.
254 1402 357 1467 Aliter
389 1402 583 1469 conciola
617 1402 858 1468 inculcatus
887 1405 1029 1488 pullus

77 1491 146 1556 vel
176 1492 410 1574 porcellus:
443 1491 609 1556 exossabis
632 1491 763 1579 pullum,
795 1511 815 1555 a
844 1499 976 1579 pectore
999 1500 1055 1560 et'

77 1578 201 1644 femora
225 1579 293 1644 eins
316 1579 422 1662 iungis
445 1580 478 1644 in
500 1586 691 1662 porrectum,
715 1580 841 1645 surculo
865 1582 981 1664 alligas
999 1589 1030 1649 et
1074 1633 1084 1642 ,

77 1669 260 1754 inpensam,
277 1688 384 1752 paras.
418 1675 449 1734 et
478 1667 595 1734 farcies
625 1668 755 1733 alternis
785 1667 898 1752 pisam,
937 1677 1030 1736 cocta

80 1757 251 1837 cerebella,
276 1757 438 1822 lucanioas
463 1763 495 1821 et
526 1763 642 1823 cetera.
674 1763 758 1822 teres
781 1757 883 1841 piper,
916 1759 1028 1840 ligisti-

78 1865 161 1926 cum,
199 1846 367 1927 origanum
398 1851 430 1910 et
460 1845 619 1927 gingiber,
657 1845 818 1928 liquamen
851 1847 1027 1930 suffundes,

77 1934 152 1998 vino
177 1939 209 1999 et
232 1953 329 2017 passo
354 1934 559 2016 temperabis.
584 1934 684 1998 facies
708 1939 742 1997 ut
764 1933 889 2003 ferveat
912 1942 1028 2001 etcum

76 2021 238 2102 terruerit,
263 2022 359 2086 mittis
383 2022 518 2087 modice.
550 2028 581 2087 et
608 2023 777 2104 inpensam
801 2023 969 2106 condieris,
1001 2025 1028 2089 si

77 2111 207 2176 alternis
230 2111 262 2174 in
285 2111 373 2193 pullo
398 2110 562 2195 conponis.
589 2117 716 2175 omento
739 2110 822 2192 tegis
840 2113 917 2176 etin
934 2132 1025 2196 oper-

77 2200 149 2265 culo
174 2199 311 2282 deponis
336 2205 367 2265 et
388 2199 422 2264 in
443 2199 570 2264 furnum
587 2199 699 2279 mittis,
723 2204 758 2263 ut
780 2206 933 2280 coquatur
948 2220 1026 2285 pau-

74 2288 164 2352 latim
188 2295 220 2352 et
241 2287 370 2353 inferes.

75 2445 208 2499 clarem
235 2444 280 2499 vel
309 2445 521 2508 conclarem

74 2517 156 2570 Hum.
192 2533 226 2570 ex
260 2516 302 2569 ed.
333 2533 374 2584 pr.
404 2517 522 2571 conci-

75 2587 173 2641 clam.
202 2618 235 2626 -
261 2603 324 2654 pro
343 2588 445 2641 modo
465 2603 522 2641 mo-

74 2658 137 2712 dice
162 2658 221 2711 act.
249 2658 284 2712 de
309 2673 360 2711 suo
386 2659 470 2712 modo
489 2673 523 2711 ac

73 2743 187 2783 numero
209 2731 232 2784 1.
259 2729 312 2782 ius
332 2729 373 2783 de
393 2745 455 2783 suo
474 2729 522 2782 si-

74 2800 109 2855 bi
136 2799 281 2868 pullicum.
315 2829 348 2839 -
381 2801 522 2868 integre

72 2870 164 2938 plene,
184 2872 295 2925 omnino
315 2887 383 2925 corr.
403 2887 454 2937 pro
473 2870 522 2923 in·

73 2946 209 3010 tegrae.
236 2972 269 2981 -
298 2957 358 2995 eam
377 2941 522 3010 coquendi

73 3013 209 3067 rationem
233 3029 276 3067 me
301 3029 357 3066 non
382 3013 463 3081 plene
482 3012 522 3065 in-

72 3083 207 3152 tellegere
217 3082 316 3138 fateor.
327 3083 437 3152 aliquot
447 3099 521 3136 men-

73 3153 111 3208 da
128 3154 216 3209 latere
237 3155 372 3209 videntur.

126 3225 163 3279 ad
182 3226 242 3279 207.
268 3242 319 3294 pro
340 3223 523 3279 conciola-

72 3301 128 3351 tus
147 3296 296 3377 legendum
324 3312 384 3350 csse
403 3295 522 3349 incul-

73 3373 174 3422 catus
203 3367 247 3422 vel
285 3367 522 3421 conculcatus

72 3438 89 3491 i.
103 3455 125 3493 e.
144 3435 263 3492 infartus
282 3438 389 3492 monuit
407 3438 522 3492 verbum

73 3509 180 3564 calcare
199 3509 241 3562 54.
262 3516 291 3564 et
309 3508 415 3563 Arnob.
438 3511 462 3572 7,
479 3509 521 3562 24.

74 3577 234 3647 ,sarcimine
246 3581 422 3636 comminutis
437 3579 522 3635 incul-

576 2450 640 2499 cata
658 2442 861 2511 pulmonibus¹‘.
876 2475 909 2484 -
929 2461 1025 2501 exos-

576 2522 677 2569 satus
706 2515 786 2570 codd.
820 2516 875 2569 iam
905 2518 1026 2572 correxit

576 2587 654 2640 Hum.
668 2587 715 2653 qui
726 2586 814 2640 edidit
826 2586 938 2640 aliter
952 2603 1027 2642 con·

576 2655 1027 2713 ohiclafarsilissivecon·

578 2728 746 2783 ciclatus.
782 2728 810 2781 in
845 2729 926 2782 codd.
961 2735 1028 2797 post

579 2799 753 2866 ,inpensam‘
798 2799 854 2853 duo
895 2801 1027 2868 marginis

576 2870 663 2923 verba
687 2875 752 2923 sunt
780 2868 920 2934 „conciola
948 2870 1026 2925 farsi-

576 2941 636 2994 lis“.
657 2970 690 2978 -
713 2955 730 2993 a
749 2946 898 3006 pectore
916 2943 1026 3007 aperies

576 3012 637 3064 253.
666 3011 863 3064 -surculo
893 3011 1026 3080 alligas

575 3081 666 3136 locum
676 3080 818 3134 habebunt
831 3086 897 3136 ante
918 3098 1026 3147 ,omen-

577 3158 607 3206 to
641 3152 739 3220 tegis“.
777 3183 810 3190 —
845 3153 965 3221 iungis
994 3155 1027 3209 in

577 3228 781 3291 porrectum
818 3226 946 3292 porrigis,
981 3241 1026 3279 ex·

577 3301 685 3349 tensum
705 3294 828 3362 leporem
839 3311 954 3351 onerare
963 3295 1024 3350 401.

576 3396 609 3405 -—
647 3367 762 3433 pisam
799 3365 923 3429 lotam,
960 3383 1025 3422 cer.

577 3437 658 3491 codd.
685 3437 750 3490 olim
783 3453 852 3491 corr.
879 3442 1025 3504 coctam,

576 3508 627 3562 sed
655 3514 736 3562 cocta
774 3509 911 3563 cerebella
938 3508 1025 3566 habes

576 3579 618 3633 41.
641 3580 699 3634 137.
721 3579 780 3632 166.
806 3581 863 3633 185.
883 3580 943 3634 372.
964 3581 1025 3659 403,
