2498 4178
522 445 677 516 Praefatio.
1035 450 1074 528 17

122 621 302 705 „offensam
317 620 450 704 sineque
464 618 572 686 taedio
589 640 609 684 a
630 619 783 685 studiosis
804 619 948 686 omnibus
963 626 995 688 et
1011 621 1078 704 legi

124 734 178 812 „et
188 727 328 793 maxima
340 746 381 792 ex
393 732 484 809 parte
494 725 630 807 intelligi
642 725 753 809 possit,
769 725 926 793 edidimus
934 728 1074 811 inquam,

123 841 180 918 „ut
203 840 235 900 et
249 833 319 899 aliis
335 832 376 898 de
392 833 508 897 musilli
531 832 738 898 succurrendi
759 833 971 917 occasionem,
995 836 1075 918 pris

124 942 259 1025 „cosin
282 940 343 1005 hoo
367 941 527 1021 aemulati,
552 938 605 1020 qni
628 938 812 1023 priusquam
827 958 879 1005 ars
896 941 1021 1006 medica
1044 941 1079 1006 in

124 1047 331 1130 „methodum
347 1053 433 1113 esset
447 1045 579 1112 redacta
593 1045 712 1111 morbis
736 1065 909 1129 oppressos
928 1046 962 1111 in
977 1047 1078 1114 triviis

124 1158 180 1236 „et
191 1152 336 1236 compitis
346 1155 538 1233 statuebant,
556 1159 591 1217 ut
604 1173 624 1218 a
638 1152 915 1235 praetereuntibus
932 1153 1076 1219 salubres

124 1262 326 1343 „morborum
342 1259 485 1325 medelas
501 1259 751 1343 perdiscerent.“
768 1264 801 1322 ut
815 1259 882 1324 eius
902 1259 1006 1324 insani
1023 1268 1080 1353 cri·¹

124 1367 200 1449 „tici
211 1367 368 1432 rationem
382 1366 570 1450 perspicias,
588 1365 723 1432 deliciae
738 1371 879 1447 nostrae,
897 1371 994 1447 utque
1011 1366 1080 1434 eius

125 1492 263 1555 „nomen
274 1492 340 1538 non
351 1473 487 1557 amplius
506 1472 643 1556 spatium
655 1491 843 1539 concessum
863 1471 1001 1555 claudat,
1018 1473 1084 1557 pri·

125 1598 232 1662 „mam
253 1580 515 1664 compositionem
533 1581 612 1657 satis
632 1579 735 1646 babeo
755 1579 952 1663 appinxisse.
979 1579 1081 1666 „Ocn-

125 1685 205 1768 „diti
228 1687 390 1769 paradoxi
413 1672 603 1770 compositio
634 1686 679 1753 sic
702 1686 815 1752 habet:
847 1686 950 1752 mollis
973 1693 1082 1770 partes

125 1791 329 1875 „quindecim
343 1793 384 1857 'in
407 1812 465 1858 vas
478 1812 624 1858 aeneum
646 1793 817 1874 mittuntur,
841 1793 1027 1877 praemissis
1050 1796 1083 1862 in

125 1897 182 1981 „id
196 1898 260 1963 vini
281 1899 430 1964 sextariis
450 1898 585 1981 duobus,
602 1920 685 1981 quae
701 1899 820 1983 pariter
833 1900 989 1982 adusque
1005 1904 1081 1969 mel-

125 2005 187 2087 ,‚lis
205 2005 314 2070 elixati
329 2005 582 2087 crassitudinem,
606 2006 667 2071 hoc
684 2011 742 2087 est,
765 2006 922 2089 tantisper
942 2006 1019 2072 dum
1037 2009 1082 2074 vi·

126 2132 226 2196 „num
241 2118 372 2178 coctura
387 2119 601 2194 consumatur,
625 2112 692 2193 igni
707 2113 793 2180 lento
819 2119 850 2177 et
871 2112 967 2194 lignis
983 2114 1080 2182 aridis

126 2218 376 2301 „decoquantur,
401 2219 447 2283 sic
465 2224 499 2281 ut
515 2217 652 2284 calfacta
667 2217 779 2284 sedulo
795 2217 829 2282 in
845 2219 1079 2285 terelixandum

126 2323 252 2407 „ferula
269 2329 537 2390 commoveantur.
555 2324 582 2388 si
599 2325 754 2390 effervere
774 2325 918 2407 eoeperit
938 2326 1079 2410 elixatio,

48 2458 50 2463 ·
126 2430 300 2513 „vinitore
317 2430 539 2514 compescitur,
563 2431 793 2515 praeterquod
810 2433 988 2498 substracto
1012 2433 1081 2516 igni
1157 2515 1161 2522 Ι
1229 2411 1232 2422 ’

127 2536 184 2618 „in
198 2555 234 2602 se
253 2536 344 2602 redit.
363 2557 458 2620 quum
471 2537 661 2620 perfrixerit,
678 2557 786 2602 rursus
801 2538 997 2605 accenditur.
1015 2539 1080 2607 hoc

127 2642 292 2723 „secundo
316 2663 355 2708 ac
369 2645 463 2709 tertio
486 2644 541 2710 fiet
563 2651 659 2726 atque
681 2651 748 2709 tum
771 2645 899 2710 demum
921 2654 1079 2712 remotum

83 2730 89 2737 ’
129 2768 173 2830 „a
183 2747 266 2815 foco.
280 2748 435 2832 postridie
447 2750 654 2834 despumatur
666 2771 738 2816 oum
752 2751 873 2838 piperis
888 2753 988 2818 unciis
1006 2774 1082 2835 qua·

129 2859 231 2935 „tuor,
254 2855 318 2919 iam
341 2855 434 2921 tritae
456 2857 629 2923 mastiches
652 2858 808 2943 scrupulis
831 2857 941 2939 tribus,
964 2859 1032 2924 folii
1053 2866 1085 2926 et

129 2961 238 3043 „croci
254 2961 415 3028 drachmis
430 2964 574 3045 singulis,
591 2964 791 3047 dactylorum
809 2964 934 3029 ossibus
953 2964 1081 3029 torridis

129 3067 302 3150 „quinqua
325 3068 440 3134 iisdem
456 3069 593 3153 daotylis
608 3070 682 3134 vino
699 3069 916 3153 praemollitis,
948 3069 1082 3137 interce-

35 3166 40 3241 Ῐ
129 3170 250 3254 „dente
264 3174 415 3252 videlicet
430 3176 518 3258 prins
533 3176 708 3241 suffusione
730 3175 805 3258 vini,
830 3174 872 3241 de
895 3195 953 3241 suo
977 3177 1084 3259 utique

129 3277 249 3360 „modo
265 3299 304 3345 ac
320 3300 463 3363 numero,
487 3288 521 3346 ut
535 3276 646 3347 tritura
669 3282 750 3347 lenis
766 3282 931 3350 habeatur.
954 3283 1003 3347 his
1020 3302 1085 3347 om-

130 3385 246 3467 „nibus
268 3388 328 3454 rite
351 3389 472 3471 paratis
495 3389 697 3472 supermittes
731 3389 796 3454 vini
830 3388 911 3455 lenis
946 3389 1087 3454 sextaria

131 3491 342 3577 ,octodecim
361 3496 517 3560 carbones
527 3494 672 3579 perfecto
686 3494 809 3561 addere
821 3495 885 3561 duo
897 3495 997 3559 millia
1012 3515 1086 3560 con-

111 3599 271 3681 „,gruit“.
295 3599 398 3666 sicin
421 3601 568 3666 omnibus
599 3606 633 3664 ut
662 3601 751 3668 lubet
782 3602 834 3666 vel
863 3601 978 3666 omittit
1005 3620 1088 3683 quae

160 3700 184 3744 0.
198 3703 291 3756 Apicius
305 3706 340 3746 ed.
355 3705 450 3748 Schuch.
930 3725 947 3779 2
