2498 4178
546 459 698 518 Praelatio.
994 472 997 479 ’
1057 463 1097 528 19

144 622 276 707 „pleant
298 626 331 688 et
354 641 437 703 quae
458 622 562 687 minus
592 623 676 688 bone
706 642 726 686 a
757 620 849 688 nobis
877 625 950 687 suut
979 619 1098 688 tradita

143 727 291 810 „fidelius
313 711 486 815 praestent,
517 748 575 794 nos
604 727 730 793 interim
766 727 880 811 Apicio
909 727 1010 794 hoooe
1039 747 1096 792 no-

144 839 241 915 „stro,
271 834 324 916 qui
346 833 433 920 prius
455 834 660 901 multifariam
683 839 715 901 et
747 832 933 918 prodigiose
966 833 1095 900 saueius

144 945 236 1021 „erat
251 945 283 1005 et
296 941 433 1023 laoerus,
455 960 542 1008 nuno
556 946 663 1007 autem
682 958 782 1022 opera
800 943 908 1005 nostra
928 939 1092 1021 qualioun-

143 1064 229 1128 „que
244 1052 277 1111 et
292 1053 443 1128 quantum
466 1046 554 1112 liouit
574 1046 751 1113 medicatus
774 1051 807 1110 et
828 1043 965 1111 refertus
988 1046 1095 1129 splen-

142 1149 289 1230 „didioro
305 1151 414 1218 habitu
429 1152 618 1234 ingreditur,
642 1152 683 1217 ob
699 1151 809 1217 oeulos
825 1150 930 1234 posito
954 1153 1096 1218 contenti

144 1259 393 1339 ‚,oblootemur“.
417 1278 482 1324 non
499 1258 703 1342 improbitate
718 1259 866 1345 poooavit
889 1264 921 1325 et
947 1258 1093 1325 volunta·

142 1371 207 1431 tem
229 1364 340 1430 habuit
361 1364 404 1431 ad
427 1365 574 1450 Apioium
597 1364 832 1431 emendandum
853 1373 884 1433 et
901 1365 935 1431 in
950 1365 1030 1432 louis
1048 1365 1096 1433 fa-

143 1470 303 1537 oilloribus
322 1471 490 1554 aliquoties
510 1490 619 1538 verum
630 1472 792 1540 invenisse
806 1473 884 1539 haut
897 1473 1093 1558 negaverim.

209 1578 263 1644 Sio
292 1577 325 1643 in
357 1598 454 1644 mauu
476 1578 599 1647 habens
623 1579 796 1647 editionem
818 1579 1007 1665 prinoipem,
1039 1580 1095 1647 hu·

102 1727 111 1741 x
142 1684 393 1768 molbergianam
417 1690 449 1752 et
470 1685 676 1769 listerianam,
709 1706 792 1772 quae
814 1706 873 1769 pro
896 1706 960 1752 una
982 1686 1094 1754 haberi

143 1799 278 1879 possunt
300 1812 372 1858 oum
394 1792 522 1858 nonnisi
549 1793 583 1858 iu
606 1792 744 1859 minutiis
767 1792 957 1861 dissentiant
983 1829 1019 1842 -
1045 1813 1094 1860 re·

142 1901 246 1983 liquas
270 1900 395 1966 silentio
418 1920 587 1987 premo-
611 1905 643 1967 et
665 1905 794 1987 praeter
816 1901 864 1968 Te
886 1901 982 1967 mutis
995 1901 1095 1984 magi·

143 2007 216 2073 stris
246 2006 357 2072 similis
385 2006 562 2088 argumenti
592 2027 657 2073 non
687 2006 789 2074 obiter
819 2013 920 2090 utens,
952 2006 1096 2094 inprimis

143 2113 304 2179 veteribus
326 2110 470 2193 medicis,
494 2112 627 2199 Apioius
649 2112 734 2179 enim
757 2133 799 2180 ox
816 2113 998 2198 praereptis
1018 2113 1095 2180 artis

144 2220 290 2287 modioao
313 2218 431 2301 ooquit,
455 2219 541 2302 quod
564 2225 676 2306 aperto
699 2218 819 2287 dietum
834 2219 935 2286 habes
950 2239 1093 2306 eompos.

146 2328 198 2392 29.
222 2327 272 2390 62.
300 2327 353 2392 63.
379 2327 430 2392 65,
460 2328 532 2392 102.
561 2327 632 2393 103.
659 2327 732 2393 104.
751 2326 824 2392 105.
841 2327 917 2392 443.
936 2331 975 2398 et
996 2326 1095 2408 sigui·

145 2431 219 2497 ficar
241 2451 420 2517 oxyporum
443 2433 495 2498 33.
528 2433 598 2499 olus
622 2433 716 2498 molle
740 2435 792 2498 97.
817 2438 945 2518 praeter
968 2432 1033 2498 alia
1056 2432 1098 2500 de

146 2538 259 2622 quibus
288 2539 322 2603 in
352 2539 467 2603 notulis
497 2539 660 2620 monitum,
693 2544 725 2605 et
747 2537 892 2605 additum
914 2538 1042 2622 pondus
1065 2538 1099 2604 in

145 2644 251 2709 multis
275 2643 495 2726 oondimentis,
519 2644 722 2711 severissime
743 2650 776 2710 ot
791 2644 1033 2727 diligentissime
1047 2645 1101 2711 isti

146 2749 193 2814 roi
217 2749 390 2816 oulinariae
414 2771 546 2835 operam
569 2748 657 2832 dedi,
681 2749 741 2817 sed
756 2749 811 2815 diu
826 2750 997 2817 meditatus
1016 2771 1101 2818 oom-

147 2861 306 2922 meutatus
338 2877 410 2923 oum
440 2877 558 2940 magno
590 2876 662 2923 meo
692 2855 803 2922 dolore
826 2856 913 2923 seusi
940 2857 1104 2924 codicibus

148 2970 309 3030 carentem
339 2963 417 3028 nihil
444 2963 554 3029 iuvare
588 2963 741 3028 laborem.
775 2962 924 3030 demissis
955 2963 1104 3029 auriculis

148 3088 206 3152 per
228 3069 409 3134 vastitatem
433 3069 555 3136 eiulans
578 3068 788 3152 hominesque
816 3067 963 3152 deosque
992 3068 1105 3155 implo-

148 3194 223 3240 rans
246 3176 287 3240 ab
310 3175 436 3241 Halmio
459 3180 567 3241 nostro
589 3175 705 3242 oertior
727 3194 796 3240 sum
820 3174 934 3257 laetus,
959 3175 1103 3242 Wuoste·

148 3301 300 3347 mannum
330 3279 450 3346 dudum
480 3282 556 3346 milri
584 3282 722 3348 amioum
750 3302 816 3347 nou
845 3281 915 3347 siue
939 3280 1105 3348 oodioibus

149 3407 185 3454 se
210 3408 362 3455 exeruere
384 3387 417 3453 iu
441 3388 554 3471 Apioio
571 3388 759 3455 retexendo,
783 3387 925 3453 nuntium
941 3387 1107 3454 confirma-

150 3494 195 3558 vit
220 3493 323 3578 prima
347 3494 484 3579 epistola
506 3513 645 3579 moxque
674 3494 745 3580 pari
771 3494 847 3576 iugo
872 3513 999 3561 meeum
1021 3493 1109 3560 uisus

152 3608 200 3668 est
231 3608 263 3669 et
293 3603 345 3669 lae
376 3601 591 3688 gallinaceum
623 3601 752 3690 speravi
775 3620 847 3668 eum
876 3621 939 3668 nou
962 3599 1111 3668 fioulnum
