2498 4178
155 386 196 453 18
556 388 709 449 Praefatio.

152 546 264 626 nescit,
296 547 346 611 rel
371 546 462 610 addit
484 547 526 612 de
549 569 606 614 suo
629 550 803 632 ingeniolo,
834 571 899 616 non
933 554 979 621 de
1006 557 1120 624 codice

153 654 206 735 qni
236 653 346 718 fabula
378 661 435 733 est,
468 656 519 718 vel
549 657 665 738 repetit
696 675 819 722 errores
847 665 997 743 apertos,
1034 663 1119 729 unde

152 778 306 842 cumpro
330 759 441 825 merito
465 760 529 824 iam
553 761 709 843 castigavi
736 762 769 826 in
798 763 889 827 Iahn.
915 766 1049 832 Archiv
1071 768 1119 835 liu

151 865 264 931 Philol.
289 886 318 932 u.
344 867 467 950 Padag.
489 869 578 933 XIX.
603 888 634 951 p.
656 870 730 934 213.
755 868 884 934 minime
904 877 1028 938 contra
1046 894 1117 941 suc-

152 991 320 1039 censemus
344 974 425 1039 (iah.
449 974 678 1057 Humelbergio
700 975 746 1039 ita
763 974 846 1039 inter
865 975 932 1040 alia
948 978 1118 1062 praefanti

154 1079 249 1164 „quia
272 1079 528 1163 depravatissimi
551 1087 624 1146 sunt
646 1080 750 1164 Apicii
773 1080 854 1162 libri,
878 1081 972 1147 utin
996 1070 1116 1168 quibus

150 1187 261 1270 „nulla
283 1187 324 1252 sit
346 1186 477 1271 pagina,
500 1187 564 1252 imo
580 1188 634 1252 vix
648 1207 714 1252 una
729 1193 784 1252 aut
801 1189 903 1254 altera
916 1191 1013 1270 quasi
1027 1191 1115 1260 linea

149 1313 237 1375 „non
256 1292 412 1360 mendosa
428 1299 460 1358 et
483 1293 668 1377 prodigiose
683 1301 843 1382 corrupta,
867 1295 951 1362 adeo
978 1298 1113 1379 quidem

149 1405 209 1481 „ut
231 1400 334 1465 nullus
357 1400 432 1466 inde
455 1420 568 1467 sensus
600 1400 673 1468 elici
697 1421 758 1467 nec
781 1401 922 1468 auctoris
944 1421 1043 1471 meus
1067 1406 1113 1472 in-

86 1572 89 1581 ,
149 1505 398 1589 „telligipossit
421 1508 496 1573 hinc
516 1506 790 1594 operaepretium
813 1527 886 1574 esse
909 1507 988 1574 duxi
1012 1512 1111 1579 cesti·

149 1611 272 1696 „gandi
288 1633 367 1679 onus
383 1615 547 1698 suscipere
564 1620 597 1680 et
615 1615 790 1680 emendare
805 1613 887 1680 illos.
912 1615 1031 1698 quodsi
1048 1617 1111 1686 huc

149 1720 394 1802 „castigatione
412 1740 475 1803 qua
484 1724 580 1787 etianr
596 1722 751 1787 minutula
759 1721 928 1806 quaedam,
946 1722 1008 1788 scd
1021 1744 1110 1808 quae

148 1827 324 1910 „lectorem
338 1833 546 1909 remorentur,
570 1829 790 1893 annotavimus
807 1835 839 1895 et
852 1828 1008 1912 pleraque
1031 1851 1110 1897 cons

148 1934 352 2016 „niventibus
369 1935 468 1999 oculis
482 1933 723 2016 transmisimus,
747 1935 896 2000 universo
912 1935 1003 2020 operi
1027 1957 1109 2004 non·

148 2039 247 2122 „dum
262 2040 344 2105 forte
361 2039 404 2105 ad
419 2042 549 2124 plenum
561 2040 759 2106 satisfactum
767 2041 873 2122 fuerit,
889 2047 1105 2111 tamennemo

147 2147 204 2231 „id
220 2167 319 2214 sanae
335 2148 451 2213 mentis
469 2154 546 2232 puto
564 2148 639 2213 vitio
662 2153 775 2228 vertet,
799 2166 870 2214 cum
890 2146 1040 2213 homines
1061 2149 1106 2216 si·

147 2273 241 2337 „mus
266 2260 297 2320 et
319 2254 407 2318 nulla
430 2254 471 2319 sit
494 2253 664 2340 disciplina
687 2259 742 2318 aut
764 2273 817 2319 ars
841 2273 924 2335 quae
947 2252 1106 2334 singulari

146 2366 389 2442 „consummata
412 2360 453 2424 sit
474 2361 615 2443 ingenio.
640 2365 836 2446 quapropter
867 2366 900 2423 ut
928 2359 961 2423 in
983 2379 1107 2442 magna

146 2465 251 2547 „silva
267 2466 341 2530 boni
357 2468 520 2533 venatoris
539 2474 589 2533 est
603 2466 797 2547 indaganter
815 2465 902 2532 feras
922 2484 1017 2549 quam
1034 2467 1105 2549 plu-

146 2570 266 2653 „rimas
290 2591 407 2655 capere
423 2593 484 2639 nec
507 2574 654 2655 cuiquam
678 2573 793 2655 culpae
816 2570 875 2636 fnit
903 2590 968 2636 non
991 2590 1123 2644 omnes,

146 2677 313 2764 „cepissez
336 2679 382 2743 ita
397 2679 491 2745 nobis
510 2680 588 2745 satis
605 2678 798 2761 abundeque
812 2675 909 2743 luerit
931 2697 990 2763 pro
1013 2677 1105 2760 inge·

145 2784 212 2868 „nii
228 2785 327 2851 nostri
344 2785 463 2851 viribus
480 2786 651 2852 maximam
674 2791 799 2868 partem
823 2790 856 2850 et
875 2789 1026 2867 quantum
1045 2803 1104 2866 po

145 2894 209 2976 „tis
221 2892 280 2957 fuit
291 2892 500 2976 praestitisse,
523 2912 595 2958 curn
612 2892 774 2958 etiamnon
790 2890 947 2956 assecutis
962 2890 1105 2957 voluisse

143 3000 296 3082 „abunde
319 3001 465 3086 pulcrum
487 3006 584 3081 atque
608 2998 816 3081 magnificum
839 2997 890 3079 sit,
914 2997 1103 3084 praesertim

142 3106 198 3190 „in
214 3125 249 3170 re
264 3111 330 3170 tam
345 3105 456 3186 ardua,
481 3105 513 3169 in
534 3124 598 3188 qua
614 3105 666 3169 vel
684 3105 833 3186 Lynceus
851 3102 1009 3189 quispiam
1028 3122 1103 3186 per·

142 3210 403 3298 „spicacissimus
423 3217 478 3275 aut
496 3211 600 3291 Argus
626 3210 871 3292 oculatissimus,
895 3210 1014 3276 nedum
1037 3209 1101 3275 lus-

143 3321 271 3405 „ciosus
294 3318 409 3402 aliquis
433 3316 534 3382 oeulis
563 3316 703 3404 lippiens
733 3317 902 3405 plurimum
937 3316 1101 3382 caecutire

142 3412 275 3514 „possit
301 3444 401 3511 quare
417 3425 443 3490 si
461 3423 537 3507 quid
553 3423 709 3507 reliquum
734 3431 783 3492 est
806 3430 839 3490 et
860 3443 880 3488 a
898 3423 991 3490 nobis
1007 3442 1098 3510 prae·

141 3537 353 3622 „termissurn,
377 3534 432 3600 alii
456 3533 509 3619 qui
539 3532 703 3615 uegetiore
719 3537 792 3597 sunt
814 3530 943 3613 ingenio
967 3528 1001 3595 id
1024 3549 1098 3619 sup·
