2498 4178
158 392 201 462 74
473 396 535 455 Lib.
549 396 597 455 1v.
625 398 791 459 Panassa

156 555 272 625 fundes
301 556 482 640 liquaminis
512 560 629 627 ciatnm
658 581 754 627 unum
787 561 919 656 [semis]
956 576 994 637 et
1022 592 1118 639 sucum

155 667 215 733 per
238 648 343 715 colum
367 648 498 715 celabis.
524 651 667 735 accipies
687 653 852 720 cerebella
868 658 928 726 IV.
956 663 1118 729 enervabit

157 743 190 804 et
213 743 298 802 teres
320 737 442 820 piperis
465 739 622 822 scrIpnlcs
645 741 732 805 VIII.
761 742 939 813 suffundas
973 770 1019 816 ex
1040 770 1117 832 suco,

154 825 296 905 fricabis,
314 831 429 908 postea
444 848 507 894 cva
521 828 608 896 v111.
625 828 766 911 franges,
786 831 856 897 vini
873 835 1005 903 ciatum
1022 859 1116 921 unum,

153 915 242 998 passi
275 915 391 981 eiatum
421 937 524 997 unum,
548 924 581 983 et
603 919 665 983 clei
688 919 861 988 modicum.
894 932 1024 1007 postea
1046 929 1117 1013 pati·

154 1024 230 1069 nam
252 1023 436 1087 perungues
461 1012 493 1072 et
516 1027 587 1072 eam
610 1006 745 1091 inpones
765 1008 876 1076 cinere
896 1015 1015 1082 calido
1033 1017 1116 1084 etsie

154 1092 326 1177 inpensam
350 1114 449 1177 supra
472 1095 624 1179 scriptam
646 1095 761 1162 mittes.
794 1117 868 1164 cum
903 1110 1007 1171 cocta
1030 1103 1117 1173 fuerit

151 1183 186 1249 in
208 1183 437 1267 termcspcdic,
468 1184 590 1268 piperis
621 1186 785 1268 pulverem
814 1204 921 1272 super
943 1193 1115 1309 adspapgs

153 1277 186 1342 ct
206 1273 335 1340 inferes.

222 1364 295 1428 130.
336 1361 528 1427 Patinam
561 1361 609 1428 de
644 1363 884 1429 cucurbita:
932 1370 1114 1438 cucurbitas

153 1451 256 1517 elixas
280 1457 313 1518 et
334 1450 444 1516 frictas
466 1450 499 1515 in
522 1451 634 1534 patina
653 1471 828 1535 conponas,
853 1453 1050 1525 ciminatum
1068 1480 1113 1527 sn·

151 1539 339 1625 perfundes,
368 1539 496 1606 medico
528 1540 601 1605 cleo
632 1559 730 1623 super
760 1540 889 1608 adiecto
913 1543 1050 1616 fervere
1070 1549 1112 1616 fs

152 1628 219 1696 cias
243 1636 275 1695 et
296 1629 425 1695 inferes.

221 1720 293 1785 131.
318 1717 468 1783 Patina
491 1718 540 1784 de
563 1737 687 1800 apua:
712 1737 828 1800 apuam
851 1719 959 1803 lavas,
985 1728 1110 1792 exolec

152 1826 309 1890 maceras,
342 1808 375 1872 in
408 1826 545 1872 cumana
578 1825 751 1890 caupones,
781 1806 904 1873 adicies
929 1811 1052 1896 oleum,
1078 1815 1109 1879 li-

151 1914 300 1979 quamen,
324 1896 442 1977 vinum,
474 1896 591 1978 alligas
613 1894 784 1961 fasciculos
811 1903 903 1962 rutae
927 1906 963 1965 et
986 1902 1109 1986 origani

150 2080 240 2129 tarum
266 2088 349 2128 sucus
375 2077 418 2127 est
443 2089 499 2142 quo
518 2072 603 2126 maxi·
657 2071 735 2126 libris
754 2077 798 2127 est
814 2072 913 2136 rosis,
931 2075 1010 2132 unde
1027 2079 1107 2135 corri-

151 2163 195 2202 me
221 2145 357 2201 consistit.
384 2144 517 2199 librorum
545 2148 603 2208 ,to-
656 2159 709 2212 gas
727 2144 1107 2219 accipeexrosis,qnia
1157 2198 1159 2207 ,

149 2217 204 2273 ris“
225 2218 263 2271 nil
282 2218 359 2272 aliud
378 2217 431 2272 erit
449 2216 502 2271 nisi
530 2220 603 2278 ,tor-
656 2215 779 2283 optimae
798 2219 907 2269 tantum
925 2219 1106 2276 sumebantur

149 2289 204 2344 ris“
224 2290 241 2343 1.
256 2305 280 2344 e.
292 2290 406 2344 torridis
425 2287 601 2350 carbonibus,
655 2286 681 2340 4.
708 2286 827 2342 album
851 2291 883 2340 ut
900 2287 919 2341 4
943 2295 990 2344 est
1008 2292 1104 2361 unguis

148 2360 220 2414 vivis
240 2361 362 2415 torribus
390 2359 496 2413 Valerii
514 2359 556 2412 Fl.
575 2358 601 2420 3,
655 2357 777 2412 candida
795 2356 878 2412 Plinii
888 2358 932 2421 21,
946 2361 1010 2416 121.
1028 2362 1105 2426 λοβὸς

149 2431 208 2483 115.
228 2431 273 2479 ἀπ’
290 2431 436 2493 arceantur,
455 2436 486 2482 ut
495 2428 601 2484 habeas
656 2427 763 2491 Galeni,
787 2429 849 2486 ὄνυξ
873 2428 969 2485 Diosc.
995 2433 1021 2495 1,
1047 2434 1103 2490 1311

147 2496 298 2566 ἆνθρακίδα,
322 2499 413 2553 cibum
433 2515 517 2567 supra
534 2517 598 2568 pru·
653 2500 700 2568 qui
709 2500 821 2565 χυλίζειν
834 2497 915 2550 Seirai
930 2501 1020 2553 ὅπαλᾶ
1033 2503 1102 2555 ἄπο-

147 2584 183 2623 na
208 2574 317 2624 coetum
342 2571 437 2638 sieque
459 2571 496 2624 ad
516 2571 598 2625 eden·
653 2573 808 2639 ψαλίσαντιις
824 2569 875 2620 τὸν
898 2571 987 2640 ὄνυχα
1006 2575 1102 2627 καὶού-

147 2640 212 2696 dum
242 2640 358 2695 illatum.
397 2641 524 2695 Clemens
549 2641 596 2695 Al.
651 2661 732 2707 μενον
752 2643 816 2706 ὅπερ
837 2640 891 2692 ἐστὶ
908 2642 940 2694 τὸ
961 2645 1055 2697 λευκόν
1071 2645 1101 2699 τὸ

145 2711 229 2780 paed.
255 2712 281 2774 3,
306 2712 331 2775 5,
350 2713 393 2765 31.
419 2712 492 2765 inter
518 2711 597 2766 luxus
652 2711 680 2763 ἓν
697 2716 734 2779 τῷ
755 2712 848 2778 φύλλῳ.
873 2713 986 2771 demere
1006 2717 1102 2773 eadem

145 2783 330 2838 instrumenta
349 2779 483 2850 ἔσχαρίδας
500 2782 597 2847 atrapat-
652 2784 688 2838 de
707 2800 737 2838 re
753 2799 798 2852 ap.
817 2783 880 2838 Ael.
896 2783 990 2853 Spart.
1000 2788 1030 2842 in
1038 2788 1100 2844 Acl

145 2874 197 2905 κων
221 2860 348 2911 recenset
373 2860 402 2910 et
421 2853 527 2909 Seneca
545 2855 596 2921 Ep.
651 2855 716 2909 Ver.
736 2855 760 2907 5.
787 2884 819 2892 -—
845 2857 953 2911 semis
972 2858 1001 2912 in
1018 2859 1101 2929 pluri-

145 2928 188 2992 95,
214 2928 256 2982 26.
283 2927 412 2982 irascitur
442 2926 519 2995 quod
543 2925 598 2980 cibi
650 2925 703 2981 bus
723 2925 810 2979 deest.

145 2999 181 3054 ab
206 3000 268 3067 ipsc
294 2999 359 3066 igne
381 3000 409 3052 in
428 3014 460 3052 os
479 2995 597 3051 transfe-
688 2997 724 3050 ad
737 2997 796 3050 131.
816 3011 905 3064 apua
918 2997 1100 3064 abranae.

144 3076 251 3131 runtur,
271 3069 334 3122 coll.
355 3070 398 3130 78,
408 3071 450 3120 22.
469 3068 535 3124 Nat.
546 3066 596 3130 Qu.
650 3068 907 3135 apuabnamyta.
926 3070 1100 3136 apubnam

142 3140 169 3202 4,
190 3140 232 3202 13,
251 3140 275 3192 9.
290 3140 349 3206 ‘qui
374 3143 406 3192 ut
429 3139 518 3192 minus
537 3153 596 3191 mc·
650 3135 673 3190 ὃ.
693 3138 922 3206 apabadiade
947 3140 992 3195 ed.
1011 3158 1052 3209 pr.
1072 3144 1100 3197 in

142 3210 208 3265 lesti
227 3212 329 3270 essent,
348 3208 470 3262 luriones
484 3207 596 3262 fuerunt
650 3224 706 3277 quo
734 3214 859 3264 monstro
888 3210 977 3266 latere
1003 3218 1100 3280 potest

144 3281 191 3350 qui
215 3281 250 3334 iis
276 3276 484 3332 assuefacerent
508 3278 595 3331 mani·
649 3280 906 3348 apuabedrade
939 3297 990 3336 seu
1017 3297 1099 3351 apa-

39 3372 45 3381 ·
141 3351 194 3406 bus
219 3351 247 3404 in
272 3349 409 3404 calentem
427 3364 529 3416 aquam
548 3349 595 3403 de·
648 3350 849 3414 bembrada
876 3357 909 3406 ut
935 3367 1010 3420 apua
1037 3355 1055 3408 i.
1074 3370 1098 3410 a

142 3423 233 3476 missis
259 3425 288 3476 et
311 3436 361 3475 cre
389 3434 475 3487 saepe
503 3420 595 3474 calida
648 3421 751 3491 aphya,
775 3421 853 3486 ἀφύη,
877 3439 965 3491 genus
994 3425 1099 3480 minimi

143 3491 258 3546 colluto.
278 3489 314 3549 ef.
333 3490 436 3546 Athen.
456 3491 480 3553 1,
499 3493 523 3545 9.
542 3507 594 3546 nos
648 3493 783 3560 pisciculi,
825 3492 914 3548 salmo
951 3495 1098 3561 eperlanus

142 3559 180 3611 ad
206 3561 266 3616 408.
295 3593 329 3603 -
357 3579 408 3632 pro
436 3578 540 3618 rosas
565 3563 593 3616 in
647 3563 707 3616 Lin.
727 3563 869 3633 spierling‚
887 3565 1014 3630 schmslt,
1036 3583 1098 3622 eum
