<?xml version="1.0" encoding="UTF-8"?>
<!DOCTYPE html PUBLIC "-//W3C//DTD XHTML 1.0 Transitional//EN"
    "http://www.w3.org/TR/xhtml1/DTD/xhtml1-transitional.dtd">
<html xmlns="http://www.w3.org/1999/xhtml" xml:lang="en" lang="en">
 <head>
  <title>
</title>
<meta http-equiv="Content-Type" content="text/html;charset=utf-8" />
  <meta name='ocr-system' content='tesseract 3.04.00' />
  <meta name='ocr-capabilities' content='ocr_page ocr_carea ocr_par ocr_line ocrx_word'/>
</head>
<body>
  <div class='ocr_page' id='page_1' title='image "apicicaeliderec00schugoog_0067.png"; bbox 0 0 2498 4178; ppageno 0'>
   <div class='ocr_carea' id='block_1_1' title="bbox 147 408 782 491">
    <p class='ocr_par' dir='ltr' id='par_1_1' title="bbox 147 408 782 491">
     <span class='ocr_line' id='line_1_1' title="bbox 147 408 782 491; baseline 0.006 -16"><span class='ocrx_word' id='word_1_1' title='bbox 147 408 192 475; x_wconf 88' lang='grc'>60</span> <span class='ocrx_word' id='word_1_2' title='bbox 479 421 539 478; x_wconf 88' lang='lat' dir='ltr'><strong>Lib.</strong></span> <span class='ocrx_word' id='word_1_3' title='bbox 557 421 608 481; x_wconf 78' lang='lat' dir='ltr'>Ill.</span> <span class='ocrx_word' id='word_1_4' title='bbox 643 418 782 491; x_wconf 80' lang='lat' dir='ltr'>Oepurus.</span> 
     </span>
    </p>
   </div>
   <div class='ocr_carea' id='block_1_2' title="bbox 152 580 1105 935">
    <p class='ocr_par' dir='ltr' id='par_1_2' title="bbox 153 580 1099 738">
     <span class='ocr_line' id='line_1_2' title="bbox 219 580 1099 669; baseline 0.008 -24"><span class='ocrx_word' id='word_1_5' title='bbox 219 582 271 647; x_wconf 89' lang='grc'>85.</span> <span class='ocrx_word' id='word_1_6' title='bbox 296 582 412 647; x_wconf 83' lang='lat' dir='ltr'><strong>Aliter:</strong></span> <span class='ocrx_word' id='word_1_7' title='bbox 444 582 576 648; x_wconf 83' lang='lat' dir='ltr'>caliclos</span> <span class='ocrx_word' id='word_1_8' title='bbox 599 580 731 648; x_wconf 76' lang='lat' dir='ltr'><strong>condies</strong></span> <span class='ocrx_word' id='word_1_9' title='bbox 754 588 793 646; x_wconf 90' lang='lat' dir='ltr'>ut</span> <span class='ocrx_word' id='word_1_10' title='bbox 819 602 939 669; x_wconf 81' lang='lat' dir='ltr'>supra,</span> <span class='ocrx_word' id='word_1_11' title='bbox 965 586 1099 651; x_wconf 78' lang='lat' dir='ltr'>admiscet</span> 
     </span>
     <span class='ocr_line' id='line_1_3' title="bbox 153 670 746 738; baseline 0 -3"><span class='ocrx_word' id='word_1_12' title='bbox 153 670 255 736; x_wconf 88' lang='lat' dir='ltr'>olivas</span> <span class='ocrx_word' id='word_1_13' title='bbox 279 671 397 737; x_wconf 86' lang='lat' dir='ltr'>virides</span> <span class='ocrx_word' id='word_1_14' title='bbox 421 677 453 737; x_wconf 91' lang='lat' dir='ltr'>et</span> <span class='ocrx_word' id='word_1_15' title='bbox 475 672 575 737; x_wconf 90' lang='lat' dir='ltr'>semel</span> <span class='ocrx_word' id='word_1_16' title='bbox 598 671 746 738; x_wconf 79' lang='lat' dir='ltr'>terreant</span> 
     </span>
    </p>

    <p class='ocr_par' dir='ltr' id='par_1_3' title="bbox 152 758 1105 935">
     <span class='ocr_line' id='line_1_4' title="bbox 219 758 1102 847; baseline 0.001 -21"><span class='ocrx_word' id='word_1_17' title='bbox 219 762 271 826; x_wconf 89' lang='grc'>86.</span> <span class='ocrx_word' id='word_1_18' title='bbox 297 761 397 826; x_wconf 81' lang='lat' dir='ltr'><strong>Aliter</strong></span> <span class='ocrx_word' id='word_1_19' title='bbox 420 761 569 826; x_wconf 85' lang='lat' dir='ltr'>eolicles:</span> <span class='ocrx_word' id='word_1_20' title='bbox 587 758 736 826; x_wconf 86' lang='lat' dir='ltr'>¹conditis</span> <span class='ocrx_word' id='word_1_21' title='bbox 760 765 796 823; x_wconf 89' lang='lat' dir='ltr'>ut</span> <span class='ocrx_word' id='word_1_22' title='bbox 820 780 934 840; x_wconf 86' lang='lat' dir='ltr'>supra</span> <span class='ocrx_word' id='word_1_23' title='bbox 957 761 1102 847; x_wconf 79' lang='lat' dir='ltr'>superium</span> 
     </span>
     <span class='ocr_line' id='line_1_5' title="bbox 152 847 1105 935; baseline 0.005 -24"><span class='ocrx_word' id='word_1_24' title='bbox 152 847 201 912; x_wconf 89' lang='lat' dir='ltr'>dis</span> <span class='ocrx_word' id='word_1_25' title='bbox 224 849 340 914; x_wconf 87' lang='lat' dir='ltr'>alicam</span> <span class='ocrx_word' id='word_1_26' title='bbox 364 849 481 914; x_wconf 83' lang='lat' dir='ltr'>elixam</span> <span class='ocrx_word' id='word_1_27' title='bbox 505 869 576 914; x_wconf 88' lang='lat' dir='ltr'>cum</span> <span class='ocrx_word' id='word_1_28' title='bbox 599 848 722 914; x_wconf 77' lang='lat' dir='ltr'>nucleis</span> <span class='ocrx_word' id='word_1_29' title='bbox 746 854 780 913; x_wconf 90' lang='lat' dir='ltr'>et</span> <span class='ocrx_word' id='word_1_30' title='bbox 802 869 875 915; x_wconf 83' lang='lat' dir='ltr'>uva</span> <span class='ocrx_word' id='word_1_31' title='bbox 890 871 1012 934; x_wconf 83' lang='lat' dir='ltr'>passa,</span> <span class='ocrx_word' id='word_1_32' title='bbox 1029 869 1105 935; x_wconf 84' lang='lat' dir='ltr'>super</span> 
     </span>
    </p>
   </div>
   <div class='ocr_carea' id='block_1_3' title="bbox 152 956 453 1020">
    <p class='ocr_par' dir='ltr' id='par_1_4' title="bbox 152 956 453 1020">
     <span class='ocr_line' id='line_1_6' title="bbox 152 956 453 1020; baseline 0.01 -20"><span class='ocrx_word' id='word_1_33' title='bbox 152 956 308 1020; x_wconf 68' lang='lat' dir='ltr'>aflpstlgeb&#39;</span> <span class='ocrx_word' id='word_1_34' title='bbox 333 958 453 1020; x_wconf 63' lang='grc'><strong>001108.</strong></span> 
     </span>
    </p>
   </div>
   <div class='ocr_carea' id='block_1_4' title="bbox 151 1024 1111 1557">
    <p class='ocr_par' dir='ltr' id='par_1_5' title="bbox 152 1024 1108 1285">
     <span class='ocr_line' id='line_1_7' title="bbox 219 1024 1107 1113; baseline 0.006 -24"><span class='ocrx_word' id='word_1_35' title='bbox 219 1027 260 1089; x_wconf 85' lang='grc'><strong>87</strong></span> <span class='ocrx_word' id='word_1_36' title='bbox 264 1078 270 1091; x_wconf 92' lang='grc'>.</span> <span class='ocrx_word' id='word_1_37' title='bbox 295 1028 320 1089; x_wconf 87' lang='grc' dir='ltr'>Ρ</span> <span class='ocrx_word' id='word_1_38' title='bbox 330 1048 423 1091; x_wconf 84' lang='lat' dir='ltr'>crrc</span> <span class='ocrx_word' id='word_1_39' title='bbox 433 1047 457 1092; x_wconf 89' lang='lat' dir='ltr'>s.</span> <span class='ocrx_word' id='word_1_40' title='bbox 483 1045 595 1109; x_wconf 86' lang='lat' dir='ltr'>perros</span> <span class='ocrx_word' id='word_1_41' title='bbox 611 1032 751 1090; x_wconf 88' lang='lat' dir='ltr'>maturus</span> <span class='ocrx_word' id='word_1_42' title='bbox 766 1024 840 1091; x_wconf 87' lang='lat' dir='ltr'>lieri</span> <span class='ocrx_word' id='word_1_43' title='bbox 862 1046 1021 1113; x_wconf 79' lang='lat' dir='ltr'>pugnum</span> <span class='ocrx_word' id='word_1_44' title='bbox 1037 1027 1107 1106; x_wconf 69' lang='lat' dir='ltr'>salia</span> 
     </span>
     <span class='ocr_line' id='line_1_8' title="bbox 152 1112 1108 1198; baseline 0.002 -20"><span class='ocrx_word' id='word_1_45' title='bbox 152 1133 268 1195; x_wconf 87' lang='lat' dir='ltr'>aquam</span> <span class='ocrx_word' id='word_1_46' title='bbox 293 1122 324 1180; x_wconf 89' lang='lat' dir='ltr'>ct</span> <span class='ocrx_word' id='word_1_47' title='bbox 347 1117 452 1181; x_wconf 87' lang='lat' dir='ltr'>oleum</span> <span class='ocrx_word' id='word_1_48' title='bbox 475 1116 606 1179; x_wconf 88' lang='lat' dir='ltr'>mixtum</span> <span class='ocrx_word' id='word_1_49' title='bbox 624 1114 725 1180; x_wconf 84' lang='lat' dir='ltr'>iacies</span> <span class='ocrx_word' id='word_1_50' title='bbox 741 1118 774 1178; x_wconf 90' lang='lat' dir='ltr'>et</span> <span class='ocrx_word' id='word_1_51' title='bbox 789 1114 839 1180; x_wconf 87' lang='lat' dir='ltr'>ibi</span> <span class='ocrx_word' id='word_1_52' title='bbox 860 1136 995 1198; x_wconf 84' lang='lat' dir='ltr'>coques</span> <span class='ocrx_word' id='word_1_53' title='bbox 1012 1123 1044 1183; x_wconf 90' lang='lat' dir='ltr'>et</span> <span class='ocrx_word' id='word_1_54' title='bbox 1055 1112 1108 1183; x_wconf 87' lang='lat' dir='ltr'>axi-</span> 
     </span>
     <span class='ocr_line' id='line_1_9' title="bbox 152 1202 977 1285; baseline 0.004 -17"><span class='ocrx_word' id='word_1_55' title='bbox 152 1223 230 1270; x_wconf 90' lang='lat' dir='ltr'>mes.</span> <span class='ocrx_word' id='word_1_56' title='bbox 255 1224 325 1270; x_wconf 93' lang='lat' dir='ltr'>cum</span> <span class='ocrx_word' id='word_1_57' title='bbox 350 1206 431 1285; x_wconf 84' lang='lat' dir='ltr'>oleo,</span> <span class='ocrx_word' id='word_1_58' title='bbox 457 1204 638 1285; x_wconf 83' lang='lat' dir='ltr'>liquamine,</span> <span class='ocrx_word' id='word_1_59' title='bbox 663 1222 750 1268; x_wconf 88' lang='lat' dir='ltr'>mero</span> <span class='ocrx_word' id='word_1_60' title='bbox 774 1208 808 1268; x_wconf 90' lang='lat' dir='ltr'>et</span> <span class='ocrx_word' id='word_1_61' title='bbox 830 1202 977 1271; x_wconf 84' lang='lat' dir='ltr'>inferes.</span> 
     </span>
    </p>

    <p class='ocr_par' dir='ltr' id='par_1_6' title="bbox 151 1289 1111 1467">
     <span class='ocr_line' id='line_1_10' title="bbox 219 1289 1111 1378; baseline 0 -18"><span class='ocrx_word' id='word_1_62' title='bbox 219 1295 271 1360; x_wconf 91' lang='grc'>88.</span> <span class='ocrx_word' id='word_1_63' title='bbox 301 1293 418 1359; x_wconf 82' lang='lat' dir='ltr'>Aliter:</span> <span class='ocrx_word' id='word_1_64' title='bbox 450 1312 563 1376; x_wconf 85' lang='lat' dir='ltr'>porrus</span> <span class='ocrx_word' id='word_1_65' title='bbox 595 1292 722 1378; x_wconf 89' lang='lat' dir='ltr'>operias</span> <span class='ocrx_word' id='word_1_66' title='bbox 750 1289 835 1356; x_wconf 87' lang='lat' dir='ltr'>foliis</span> <span class='ocrx_word' id='word_1_67' title='bbox 870 1294 1111 1360; x_wconf 80' lang='lat' dir='ltr'>caliclorumel</span> 
     </span>
     <span class='ocr_line' id='line_1_11' title="bbox 151 1378 857 1467; baseline -0.001 -21"><span class='ocrx_word' id='word_1_68' title='bbox 151 1381 184 1447; x_wconf 91' lang='lat' dir='ltr'>in</span> <span class='ocrx_word' id='word_1_69' title='bbox 207 1384 318 1466; x_wconf 90' lang='lat' dir='ltr'>prunis</span> <span class='ocrx_word' id='word_1_70' title='bbox 342 1403 472 1467; x_wconf 87' lang='lat' dir='ltr'>coques,</span> <span class='ocrx_word' id='word_1_71' title='bbox 497 1387 650 1465; x_wconf 87' lang='lat' dir='ltr'>utsupra</span> <span class='ocrx_word' id='word_1_72' title='bbox 674 1386 706 1446; x_wconf 90' lang='lat' dir='ltr'>et</span> <span class='ocrx_word' id='word_1_73' title='bbox 726 1378 857 1445; x_wconf 87' lang='lat' dir='ltr'>inferes.</span> 
     </span>
    </p>

    <p class='ocr_par' dir='ltr' id='par_1_7' title="bbox 220 1468 1111 1557">
     <span class='ocr_line' id='line_1_12' title="bbox 220 1468 1111 1557; baseline -0.002 -22"><span class='ocrx_word' id='word_1_74' title='bbox 220 1472 273 1535; x_wconf 89' lang='grc'>89.</span> <span class='ocrx_word' id='word_1_75' title='bbox 303 1471 419 1538; x_wconf 83' lang='lat' dir='ltr'>Aliter:</span> <span class='ocrx_word' id='word_1_76' title='bbox 451 1489 565 1555; x_wconf 85' lang='lat' dir='ltr'>porrus</span> <span class='ocrx_word' id='word_1_77' title='bbox 594 1469 626 1536; x_wconf 90' lang='lat' dir='ltr'>in</span> <span class='ocrx_word' id='word_1_78' title='bbox 658 1468 734 1535; x_wconf 85' lang='lat' dir='ltr'>bata</span> <span class='ocrx_word' id='word_1_79' title='bbox 763 1474 877 1535; x_wconf 86' lang='lat' dir='ltr'>coctus</span> <span class='ocrx_word' id='word_1_80' title='bbox 901 1476 940 1535; x_wconf 87' lang='lat' dir='ltr'>ut</span> <span class='ocrx_word' id='word_1_81' title='bbox 964 1488 1067 1557; x_wconf 86' lang='lat' dir='ltr'>supra</span> <span class='ocrx_word' id='word_1_82' title='bbox 1085 1474 1111 1537; x_wconf 88' lang='lat' dir='ltr'>et</span> 
     </span>
    </p>
   </div>
   <div class='ocr_carea' id='block_1_5' title="bbox 151 1558 281 1625">
    <p class='ocr_par' dir='ltr' id='par_1_8' title="bbox 151 1558 281 1625">
     <span class='ocr_line' id='line_1_13' title="bbox 151 1558 281 1625; baseline -0.023 0"><span class='ocrx_word' id='word_1_83' title='bbox 151 1558 281 1625; x_wconf 81' lang='lat' dir='ltr'>interce.</span> 
     </span>
    </p>
   </div>
   <div class='ocr_carea' id='block_1_6' title="bbox 152 1646 1111 1909">
    <p class='ocr_par' dir='ltr' id='par_1_9' title="bbox 152 1646 1111 1909">
     <span class='ocr_line' id='line_1_14' title="bbox 220 1646 1111 1731; baseline -0.002 -15"><span class='ocrx_word' id='word_1_84' title='bbox 220 1650 272 1716; x_wconf 88' lang='grc'>90.</span> <span class='ocrx_word' id='word_1_85' title='bbox 305 1647 405 1714; x_wconf 84' lang='lat' dir='ltr'>Aliter</span> <span class='ocrx_word' id='word_1_86' title='bbox 428 1667 559 1731; x_wconf 85' lang='lat' dir='ltr'>porros:</span> <span class='ocrx_word' id='word_1_87' title='bbox 592 1647 619 1712; x_wconf 92' lang='lat' dir='ltr'>si</span> <span class='ocrx_word' id='word_1_88' title='bbox 650 1647 682 1711; x_wconf 93' lang='lat' dir='ltr'>in</span> <span class='ocrx_word' id='word_1_89' title='bbox 711 1663 847 1726; x_wconf 88' lang='lat' dir='ltr'>aequam</span> <span class='ocrx_word' id='word_1_90' title='bbox 872 1646 994 1712; x_wconf 79' lang='lat' dir='ltr'>elixati</span> <span class='ocrx_word' id='word_1_91' title='bbox 1019 1652 1111 1728; x_wconf 78' lang='lat' dir='ltr'>erunt,</span> 
     </span>
     <span class='ocr_line' id='line_1_15' title="bbox 152 1732 1111 1821; baseline 0 -20"><span class='ocrx_word' id='word_1_92' title='bbox 152 1737 248 1803; x_wconf 83' lang='lat' dir='ltr'>balae</span> <span class='ocrx_word' id='word_1_93' title='bbox 272 1737 414 1802; x_wconf 86' lang='lat' dir='ltr'>nondum</span> <span class='ocrx_word' id='word_1_94' title='bbox 439 1736 588 1802; x_wconf 85' lang='lat' dir='ltr'>conditae</span> <span class='ocrx_word' id='word_1_95' title='bbox 612 1735 779 1821; x_wconf 90' lang='lat' dir='ltr'>plurimum</span> <span class='ocrx_word' id='word_1_96' title='bbox 803 1732 952 1803; x_wconf 87' lang='lat' dir='ltr'>admisce</span> <span class='ocrx_word' id='word_1_97' title='bbox 972 1736 1111 1803; x_wconf 83' lang='lat' dir='ltr'>condita·</span> 
     </span>
     <span class='ocr_line' id='line_1_16' title="bbox 152 1824 770 1909; baseline 0.002 -22"><span class='ocrx_word' id='word_1_98' title='bbox 152 1844 207 1891; x_wconf 92' lang='lat' dir='ltr'>rae</span> <span class='ocrx_word' id='word_1_99' title='bbox 231 1828 263 1890; x_wconf 89' lang='lat' dir='ltr'>in</span> <span class='ocrx_word' id='word_1_100' title='bbox 288 1846 351 1909; x_wconf 88' lang='lat' dir='ltr'>qua</span> <span class='ocrx_word' id='word_1_101' title='bbox 375 1845 430 1890; x_wconf 90' lang='lat' dir='ltr'>eus</span> <span class='ocrx_word' id='word_1_102' title='bbox 453 1824 702 1890; x_wconf 80' lang='lat' dir='ltr'><strong>manducaturus</strong></span> <span class='ocrx_word' id='word_1_103' title='bbox 726 1843 770 1888; x_wconf 82' lang='lat' dir='ltr'>ea.</span> 
     </span>
    </p>
   </div>
   <div class='ocr_carea' id='block_1_7' title="bbox 206 1960 1110 2021">
    <p class='ocr_par' dir='ltr' id='par_1_10' title="bbox 206 1960 1110 2021">
     <span class='ocr_line' id='line_1_17' title="bbox 206 1960 1110 2021; baseline -0.002 -1"><span class='ocrx_word' id='word_1_104' title='bbox 206 1967 243 2020; x_wconf 87' lang='lat' dir='ltr'>ad</span> <span class='ocrx_word' id='word_1_105' title='bbox 255 1967 297 2021; x_wconf 88' lang='grc'>85.</span> <span class='ocrx_word' id='word_1_106' title='bbox 319 1965 484 2021; x_wconf 85' lang='lat' dir='ltr'>conditis</span> <span class='ocrx_word' id='word_1_107' title='bbox 502 1967 561 2021; x_wconf 91' lang='lat' dir='ltr'>flur.</span> <span class='ocrx_word' id='word_1_108' title='bbox 573 1970 604 2019; x_wconf 90' lang='lat' dir='ltr'>ut</span> <span class='ocrx_word' id='word_1_109' title='bbox 655 1964 753 2018; x_wconf 86' lang='lat' dir='ltr'>similrs</span> <span class='ocrx_word' id='word_1_110' title='bbox 763 1960 1035 2018; x_wconf 69' lang='lat' dir='ltr'>mnmsioasaara.</span> <span class='ocrx_word' id='word_1_111' title='bbox 1046 1964 1110 2019; x_wconf 85' lang='lat' dir='ltr'>Pliu</span> 
     </span>
    </p>
   </div>
   <div class='ocr_carea' id='block_1_8' title="bbox 146 2038 603 3662">
    <p class='ocr_par' dir='ltr' id='par_1_11' title="bbox 150 2038 603 2167">
     <span class='ocr_line' id='line_1_18' title="bbox 150 2038 603 2106; baseline -0.009 -11"><span class='ocrx_word' id='word_1_112' title='bbox 150 2040 196 2096; x_wconf 82' lang='lat'>86.</span> <span class='ocrx_word' id='word_1_113' title='bbox 229 2038 340 2093; x_wconf 91' lang='lat' dir='ltr'>semel</span> <span class='ocrx_word' id='word_1_114' title='bbox 375 2052 443 2090; x_wconf 84' lang='lat' dir='ltr'>corr.</span> <span class='ocrx_word' id='word_1_115' title='bbox 472 2053 523 2106; x_wconf 90' lang='lat' dir='ltr'>pro</span> <span class='ocrx_word' id='word_1_116' title='bbox 555 2038 603 2091; x_wconf 89' lang='lat' dir='ltr'>si-</span> 
     </span>
     <span class='ocr_line' id='line_1_19' title="bbox 150 2110 283 2167; baseline -0.053 0"><span class='ocrx_word' id='word_1_117' title='bbox 150 2110 220 2167; x_wconf 93' lang='lat' dir='ltr'>mul</span> <span class='ocrx_word' id='word_1_118' title='bbox 241 2112 283 2165; x_wconf 87' lang='grc'>65.</span> 
     </span>
    </p>

    <p class='ocr_par' dir='ltr' id='par_1_12' title="bbox 150 2178 603 2532">
     <span class='ocr_line' id='line_1_20' title="bbox 205 2178 603 2237; baseline -0.015 0"><span class='ocrx_word' id='word_1_119' title='bbox 205 2183 243 2237; x_wconf 87' lang='lat' dir='ltr'>ad</span> <span class='ocrx_word' id='word_1_120' title='bbox 261 2183 304 2237; x_wconf 86' lang='grc'>86.</span> <span class='ocrx_word' id='word_1_121' title='bbox 341 2179 504 2235; x_wconf 88' lang='lat' dir='ltr'>conditis</span> <span class='ocrx_word' id='word_1_122' title='bbox 532 2178 603 2232; x_wconf 90' lang='lat' dir='ltr'>dati-</span> 
     </span>
     <span class='ocr_line' id='line_1_21' title="bbox 151 2260 603 2320; baseline -0.018 -10"><span class='ocrx_word' id='word_1_123' title='bbox 151 2271 203 2310; x_wconf 88' lang='lat' dir='ltr'>vus</span> <span class='ocrx_word' id='word_1_124' title='bbox 222 2260 272 2309; x_wconf 88' lang='lat' dir='ltr'>est.</span> <span class='ocrx_word' id='word_1_125' title='bbox 288 2284 318 2292; x_wconf 93' lang='lat'><em>-</em></span> <span class='ocrx_word' id='word_1_126' title='bbox 339 2267 440 2308; x_wconf 89' lang='lat' dir='ltr'>uvam</span> <span class='ocrx_word' id='word_1_127' title='bbox 459 2265 603 2320; x_wconf 87' lang='lat' dir='ltr'>passam</span> 
     </span>
     <span class='ocr_line' id='line_1_22' title="bbox 150 2326 602 2394; baseline -0.015 -13"><span class='ocrx_word' id='word_1_128' title='bbox 150 2344 172 2375; x_wconf 80' lang='grc' dir='ltr'><em>π</em></span> <span class='ocrx_word' id='word_1_129' title='bbox 189 2326 270 2380; x_wconf 83' lang='grc' dir='ltr'><strong>Ηοιιι.</strong></span> <span class='ocrx_word' id='word_1_130' title='bbox 291 2340 345 2394; x_wconf 81' lang='lat' dir='ltr'>ego</span> <span class='ocrx_word' id='word_1_131' title='bbox 364 2340 399 2378; x_wconf 91' lang='lat' dir='ltr'>ex</span> <span class='ocrx_word' id='word_1_132' title='bbox 418 2338 495 2391; x_wconf 85' lang='lat' dir='ltr'>seqq.</span> <span class='ocrx_word' id='word_1_133' title='bbox 519 2337 602 2388; x_wconf 89' lang='lat' dir='ltr'>por-</span> 
     </span>
     <span class='ocr_line' id='line_1_23' title="bbox 150 2395 602 2460; baseline -0.013 -9"><span class='ocrx_word' id='word_1_134' title='bbox 150 2413 208 2451; x_wconf 91' lang='lat' dir='ltr'>ros</span> <span class='ocrx_word' id='word_1_135' title='bbox 237 2396 291 2448; x_wconf 90' lang='lat' dir='ltr'>huc</span> <span class='ocrx_word' id='word_1_136' title='bbox 317 2395 399 2454; x_wconf 83' lang='lat' dir='ltr'>traxi,</span> <span class='ocrx_word' id='word_1_137' title='bbox 428 2400 459 2446; x_wconf 93' lang='lat' dir='ltr'>ut</span> <span class='ocrx_word' id='word_1_138' title='bbox 490 2408 602 2460; x_wconf 84' lang='lat' dir='ltr'>porrum</span> 
     </span>
     <span class='ocr_line' id='line_1_24' title="bbox 150 2464 470 2532; baseline -0.019 -12"><span class='ocrx_word' id='word_1_139' title='bbox 150 2465 296 2532; x_wconf 79' lang='lat' dir='ltr'>adspergit</span> <span class='ocrx_word' id='word_1_140' title='bbox 314 2470 411 2517; x_wconf 86' lang='lat' dir='ltr'>noster</span> <span class='ocrx_word' id='word_1_141' title='bbox 429 2464 470 2516; x_wconf 79' lang='grc'>83.</span> 
     </span>
    </p>

    <p class='ocr_par' dir='ltr' id='par_1_13' title="bbox 147 2533 602 3367">
     <span class='ocr_line' id='line_1_25' title="bbox 205 2533 601 2601; baseline -0.005 -14"><span class='ocrx_word' id='word_1_142' title='bbox 205 2534 241 2587; x_wconf 88' lang='lat' dir='ltr'>ad</span> <span class='ocrx_word' id='word_1_143' title='bbox 261 2535 303 2587; x_wconf 82' lang='grc'>87.</span> <span class='ocrx_word' id='word_1_144' title='bbox 323 2535 360 2587; x_wconf 88' lang='lat' dir='ltr'>ad</span> <span class='ocrx_word' id='word_1_145' title='bbox 382 2548 498 2601; x_wconf 86' lang='lat' dir='ltr'>„aquam</span> <span class='ocrx_word' id='word_1_146' title='bbox 517 2539 547 2588; x_wconf 91' lang='lat' dir='ltr'>et</span> <span class='ocrx_word' id='word_1_147' title='bbox 565 2533 601 2586; x_wconf 91' lang='lat' dir='ltr'>ol.</span> 
     </span>
     <span class='ocr_line' id='line_1_26' title="bbox 151 2603 602 2659; baseline -0.004 0"><span class='ocrx_word' id='word_1_148' title='bbox 151 2605 228 2659; x_wconf 90' lang='lat' dir='ltr'>mixt.</span> <span class='ocrx_word' id='word_1_149' title='bbox 249 2603 319 2658; x_wconf 83' lang='lat' dir='ltr'>lac.“</span> <span class='ocrx_word' id='word_1_150' title='bbox 342 2603 375 2659; x_wconf 88' lang='lat' dir='ltr'>cf.</span> <span class='ocrx_word' id='word_1_151' title='bbox 396 2605 456 2658; x_wconf 90' lang='grc'><strong>250.</strong></span> <span class='ocrx_word' id='word_1_152' title='bbox 468 2606 529 2658; x_wconf 86' lang='grc'><strong>268.</strong></span> <span class='ocrx_word' id='word_1_153' title='bbox 539 2604 602 2657; x_wconf 89' lang='grc'><strong>430.</strong></span> 
     </span>
     <span class='ocr_line' id='line_1_27' title="bbox 151 2673 601 2744; baseline -0.016 -15"><span class='ocrx_word' id='word_1_154' title='bbox 151 2691 225 2744; x_wconf 87' lang='lat' dir='ltr'>aqua</span> <span class='ocrx_word' id='word_1_155' title='bbox 245 2675 337 2729; x_wconf 88' lang='lat' dir='ltr'>calida</span> <span class='ocrx_word' id='word_1_156' title='bbox 347 2676 412 2728; x_wconf 87' lang='lat' dir='ltr'>olco</span> <span class='ocrx_word' id='word_1_157' title='bbox 422 2676 509 2728; x_wconf 86' lang='lat' dir='ltr'>mixta</span> <span class='ocrx_word' id='word_1_158' title='bbox 521 2673 601 2741; x_wconf 60' lang='lat' dir='ltr'>tlat-</span> 
     </span>
     <span class='ocr_line' id='line_1_28' title="bbox 150 2745 601 2801; baseline -0.011 1"><span class='ocrx_word' id='word_1_159' title='bbox 150 2749 221 2796; x_wconf 76' lang='grc' dir='ltr'>λαιον</span> <span class='ocrx_word' id='word_1_160' title='bbox 247 2752 290 2801; x_wconf 89' lang='lat' dir='ltr'>est</span> <span class='ocrx_word' id='word_1_161' title='bbox 317 2745 390 2800; x_wconf 84' lang='lat' dir='ltr'>Cael.</span> <span class='ocrx_word' id='word_1_162' title='bbox 411 2746 508 2799; x_wconf 90' lang='lat' dir='ltr'>Aurel.</span> <span class='ocrx_word' id='word_1_163' title='bbox 528 2750 601 2799; x_wconf 83' lang='lat' dir='ltr'>aaut.</span> 
     </span>
     <span class='ocr_line' id='line_1_29' title="bbox 152 2815 601 2880; baseline -0.009 -9"><span class='ocrx_word' id='word_1_164' title='bbox 152 2821 175 2880; x_wconf 83' lang='lat'>1,</span> <span class='ocrx_word' id='word_1_165' title='bbox 198 2819 238 2871; x_wconf 90' lang='grc'>19.</span> <span class='ocrx_word' id='word_1_166' title='bbox 266 2817 329 2872; x_wconf 88' lang='lat' dir='ltr'>coll.</span> <span class='ocrx_word' id='word_1_167' title='bbox 356 2815 495 2870; x_wconf 83' lang='lat' dir='ltr'>Plutarch.</span> <span class='ocrx_word' id='word_1_168' title='bbox 521 2816 553 2868; x_wconf 89' lang='grc' dir='ltr'>Τ.</span> <span class='ocrx_word' id='word_1_169' title='bbox 577 2816 601 2868; x_wconf 88' lang='grc'><strong>8.</strong></span> 
     </span>
     <span class='ocr_line' id='line_1_30' title="bbox 150 2886 600 2958; baseline -0.011 -16"><span class='ocrx_word' id='word_1_170' title='bbox 150 2905 177 2958; x_wconf 88' lang='lat' dir='ltr'>p.</span> <span class='ocrx_word' id='word_1_171' title='bbox 199 2889 251 2942; x_wconf 77' lang='lat'>634</span> <span class='ocrx_word' id='word_1_172' title='bbox 269 2889 300 2942; x_wconf 84' lang='lat' dir='ltr'>lt.</span> <span class='ocrx_word' id='word_1_173' title='bbox 313 2887 347 2942; x_wconf 91' lang='lat' dir='ltr'>al.</span> <span class='ocrx_word' id='word_1_174' title='bbox 369 2886 403 2942; x_wconf 86' lang='lat' dir='ltr'>ei.</span> <span class='ocrx_word' id='word_1_175' title='bbox 415 2887 457 2940; x_wconf 92' lang='grc'>54.</span> <span class='ocrx_word' id='word_1_176' title='bbox 470 2886 529 2939; x_wconf 91' lang='grc'><strong>118.</strong></span> <span class='ocrx_word' id='word_1_177' title='bbox 542 2888 600 2939; x_wconf 88' lang='grc'><strong>123.</strong></span> 
     </span>
     <span class='ocr_line' id='line_1_31' title="bbox 156 2957 602 3022; baseline -0.009 -9"><span class='ocrx_word' id='word_1_178' title='bbox 156 2960 212 3014; x_wconf 91' lang='grc'><strong>145.</strong></span> <span class='ocrx_word' id='word_1_179' title='bbox 224 2962 284 3013; x_wconf 86' lang='grc'><strong>254.</strong></span> <span class='ocrx_word' id='word_1_180' title='bbox 296 2960 366 3014; x_wconf 87' lang='lat' dir='ltr'>Plin.</span> <span class='ocrx_word' id='word_1_181' title='bbox 379 2961 421 3022; x_wconf 87' lang='grc'>23,</span> <span class='ocrx_word' id='word_1_182' title='bbox 432 2959 475 3013; x_wconf 89' lang='grc'><strong>83.</strong></span> <span class='ocrx_word' id='word_1_183' title='bbox 493 2957 602 3019; x_wconf 83' lang='grc' dir='ltr'>,οΙοιιιιι</span> 
     </span>
     <span class='ocr_line' id='line_1_32' title="bbox 149 3029 600 3098; baseline -0.013 -14"><span class='ocrx_word' id='word_1_184' title='bbox 149 3047 210 3086; x_wconf 84' lang='lat' dir='ltr'>cunr</span> <span class='ocrx_word' id='word_1_185' title='bbox 243 3033 304 3098; x_wconf 88' lang='lat' dir='ltr'>pari</span> <span class='ocrx_word' id='word_1_186' title='bbox 333 3031 430 3084; x_wconf 87' lang='lat' dir='ltr'>caldae</span> <span class='ocrx_word' id='word_1_187' title='bbox 465 3029 600 3082; x_wconf 76' lang='lat' dir='ltr'>mixtura¹⁴</span> 
     </span>
     <span class='ocr_line' id='line_1_33' title="bbox 148 3097 602 3168; baseline -0.013 -13"><span class='ocrx_word' id='word_1_188' title='bbox 148 3102 225 3156; x_wconf 90' lang='lat' dir='ltr'>illam</span> <span class='ocrx_word' id='word_1_189' title='bbox 235 3102 351 3168; x_wconf 90' lang='lat' dir='ltr'>primam</span> <span class='ocrx_word' id='word_1_190' title='bbox 365 3102 514 3155; x_wconf 86' lang='lat' dir='ltr'>mixturam</span> <span class='ocrx_word' id='word_1_191' title='bbox 527 3097 602 3150; x_wconf 87' lang='lat' dir='ltr'>abici</span> 
     </span>
     <span class='ocr_line' id='line_1_34' title="bbox 147 3168 602 3226; baseline -0.013 0"><span class='ocrx_word' id='word_1_192' title='bbox 147 3173 227 3226; x_wconf 87' lang='lat' dir='ltr'>vides</span> <span class='ocrx_word' id='word_1_193' title='bbox 253 3186 287 3224; x_wconf 91' lang='lat' dir='ltr'>ex</span> <span class='ocrx_word' id='word_1_194' title='bbox 309 3171 418 3225; x_wconf 85' lang='lat' dir='ltr'>medico</span> <span class='ocrx_word' id='word_1_195' title='bbox 448 3171 475 3223; x_wconf 92' lang='lat' dir='ltr'>in</span> <span class='ocrx_word' id='word_1_196' title='bbox 501 3168 602 3223; x_wconf 89' lang='lat' dir='ltr'>ldeleri</span> 
     </span>
     <span class='ocr_line' id='line_1_35' title="bbox 148 3240 600 3310; baseline -0.02 -12"><span class='ocrx_word' id='word_1_197' title='bbox 148 3243 230 3310; x_wconf 81' lang='lat' dir='ltr'>Corp.</span> <span class='ocrx_word' id='word_1_198' title='bbox 251 3240 348 3294; x_wconf 83' lang='lat' dir='ltr'>Medic.</span> <span class='ocrx_word' id='word_1_199' title='bbox 369 3241 402 3293; x_wconf 94' lang='lat' dir='ltr'>ll.</span> <span class='ocrx_word' id='word_1_200' title='bbox 430 3257 456 3308; x_wconf 89' lang='lat' dir='ltr'>p.</span> <span class='ocrx_word' id='word_1_201' title='bbox 477 3241 538 3302; x_wconf 84' lang='grc'><strong>263,</strong></span> <span class='ocrx_word' id='word_1_202' title='bbox 559 3240 600 3291; x_wconf 82' lang='grc'>12.</span> 
     </span>
     <span class='ocr_line' id='line_1_36' title="bbox 148 3310 456 3367; baseline -0.016 0"><span class='ocrx_word' id='word_1_203' title='bbox 148 3345 181 3354; x_wconf 89' lang='grc'>-</span> <span class='ocrx_word' id='word_1_204' title='bbox 201 3317 237 3367; x_wconf 93' lang='lat' dir='ltr'>et</span> <span class='ocrx_word' id='word_1_205' title='bbox 256 3327 354 3366; x_wconf 90' lang='lat' dir='ltr'>mero</span> <span class='ocrx_word' id='word_1_206' title='bbox 374 3310 456 3364; x_wconf 86' lang='lat' dir='ltr'>codd.</span> 
     </span>
    </p>

    <p class='ocr_par' dir='ltr' id='par_1_14' title="bbox 146 3380 600 3662">
     <span class='ocr_line' id='line_1_37' title="bbox 200 3380 600 3449; baseline -0.015 -12"><span class='ocrx_word' id='word_1_207' title='bbox 200 3384 291 3438; x_wconf 76' lang='lat' dir='ltr'>ausa.</span> <span class='ocrx_word' id='word_1_208' title='bbox 312 3381 465 3449; x_wconf 88' lang='lat' dir='ltr'>operias</span> <span class='ocrx_word' id='word_1_209' title='bbox 484 3380 537 3433; x_wconf 88' lang='lat' dir='ltr'>ie.</span> <span class='ocrx_word' id='word_1_210' title='bbox 555 3395 600 3433; x_wconf 89' lang='lat' dir='ltr'>cu-</span> 
     </span>
     <span class='ocr_line' id='line_1_38' title="bbox 146 3451 600 3522; baseline -0.015 -13"><span class='ocrx_word' id='word_1_211' title='bbox 146 3457 237 3522; x_wconf 88' lang='lat' dir='ltr'>perias</span> <span class='ocrx_word' id='word_1_212' title='bbox 249 3454 304 3510; x_wconf 88' lang='lat' dir='ltr'>feci</span> <span class='ocrx_word' id='word_1_213' title='bbox 316 3469 351 3507; x_wconf 88' lang='lat' dir='ltr'>ex</span> <span class='ocrx_word' id='word_1_214' title='bbox 361 3451 422 3506; x_wconf 89' lang='lat' dir='ltr'>cod.</span> <span class='ocrx_word' id='word_1_215' title='bbox 433 3465 492 3518; x_wconf 88' lang='lat' dir='ltr'>par.</span> <span class='ocrx_word' id='word_1_216' title='bbox 504 3465 600 3517; x_wconf 91' lang='lat' dir='ltr'>aper-</span> 
     </span>
     <span class='ocr_line' id='line_1_39' title="bbox 147 3525 600 3592; baseline -0.004 -16"><span class='ocrx_word' id='word_1_217' title='bbox 147 3539 204 3578; x_wconf 91' lang='lat' dir='ltr'>cas</span> <span class='ocrx_word' id='word_1_218' title='bbox 235 3531 265 3581; x_wconf 89' lang='lat' dir='ltr'>et</span> <span class='ocrx_word' id='word_1_219' title='bbox 298 3525 467 3592; x_wconf 88' lang='lat' dir='ltr'>reliquorum</span> <span class='ocrx_word' id='word_1_220' title='bbox 495 3536 600 3589; x_wconf 86' lang='lat' dir='ltr'>aper-</span> 
     </span>
     <span class='ocr_line' id='line_1_40' title="bbox 147 3595 599 3662; baseline -0.004 -16"><span class='ocrx_word' id='word_1_221' title='bbox 147 3598 213 3649; x_wconf 87' lang='lat' dir='ltr'>tos.</span> <span class='ocrx_word' id='word_1_222' title='bbox 250 3597 329 3650; x_wconf 91' lang='lat' dir='ltr'>Hum.</span> <span class='ocrx_word' id='word_1_223' title='bbox 364 3595 409 3651; x_wconf 86' lang='lat' dir='ltr'>ed.</span> <span class='ocrx_word' id='word_1_224' title='bbox 438 3597 599 3662; x_wconf 87' lang='lat' dir='ltr'>opertos.</span> 
     </span>
    </p>
   </div>
   <div class='ocr_carea' id='block_1_9' title="bbox 657 2032 1110 2175">
    <p class='ocr_par' dir='ltr' id='par_1_15' title="bbox 657 2032 1110 2175">
     <span class='ocr_line' id='line_1_41' title="bbox 657 2032 1110 2105; baseline 0.002 -17"><span class='ocrx_word' id='word_1_225' title='bbox 657 2036 700 2097; x_wconf 89' lang='grc'>18,</span> <span class='ocrx_word' id='word_1_226' title='bbox 725 2036 785 2089; x_wconf 77' lang='lat' dir='ltr'>ata</span> <span class='ocrx_word' id='word_1_227' title='bbox 812 2032 884 2089; x_wconf 80' lang='lat' dir='ltr'>Cels.</span> <span class='ocrx_word' id='word_1_228' title='bbox 905 2034 932 2096; x_wconf 88' lang='lat'>1,</span> <span class='ocrx_word' id='word_1_229' title='bbox 951 2035 979 2088; x_wconf 89' lang='grc'>2.</span> <span class='ocrx_word' id='word_1_230' title='bbox 1005 2036 1110 2105; x_wconf 87' lang='lat' dir='ltr'>inpri-</span> 
     </span>
     <span class='ocr_line' id='line_1_42' title="bbox 657 2103 930 2175; baseline -0.011 -16"><span class='ocrx_word' id='word_1_231' title='bbox 657 2107 724 2161; x_wconf 91' lang='lat' dir='ltr'>mis</span> <span class='ocrx_word' id='word_1_232' title='bbox 743 2121 802 2175; x_wconf 89' lang='lat' dir='ltr'>par.</span> <span class='ocrx_word' id='word_1_233' title='bbox 822 2111 851 2159; x_wconf 85' lang='lat' dir='ltr'>et</span> <span class='ocrx_word' id='word_1_234' title='bbox 869 2103 930 2157; x_wconf 83' lang='lat' dir='ltr'>lior.</span> 
     </span>
    </p>
   </div>
   <div class='ocr_carea' id='block_1_10' title="bbox 656 2209 1109 3186">
    <p class='ocr_par' dir='ltr' id='par_1_16' title="bbox 656 2209 1109 3186">
     <span class='ocr_line' id='line_1_43' title="bbox 709 2209 1109 2279; baseline -0.003 -13"><span class='ocrx_word' id='word_1_235' title='bbox 709 2212 746 2266; x_wconf 86' lang='lat' dir='ltr'>ad</span> <span class='ocrx_word' id='word_1_236' title='bbox 760 2212 802 2266; x_wconf 77' lang='grc'>89.</span> <span class='ocrx_word' id='word_1_237' title='bbox 823 2211 910 2267; x_wconf 87' lang='lat' dir='ltr'>deest.</span> <span class='ocrx_word' id='word_1_238' title='bbox 932 2209 963 2264; x_wconf 87' lang='lat' dir='ltr'>in</span> <span class='ocrx_word' id='word_1_239' title='bbox 980 2232 1005 2279; x_wconf 81' lang='lat' dir='ltr'>y.</span> <span class='ocrx_word' id='word_1_240' title='bbox 1026 2210 1109 2267; x_wconf 82' lang='lat' dir='ltr'>baia</span> 
     </span>
     <span class='ocr_line' id='line_1_44' title="bbox 656 2280 1109 2339; baseline 0.002 -1"><span class='ocrx_word' id='word_1_241' title='bbox 656 2289 685 2338; x_wconf 91' lang='lat' dir='ltr'>et</span> <span class='ocrx_word' id='word_1_242' title='bbox 704 2285 746 2337; x_wconf 87' lang='grc'>90.</span> <span class='ocrx_word' id='word_1_243' title='bbox 766 2280 872 2337; x_wconf 83' lang='lat' dir='ltr'>baiae</span> <span class='ocrx_word' id='word_1_244' title='bbox 888 2283 1109 2339; x_wconf 80' lang='lat' dir='ltr'>consonantium</span> 
     </span>
     <span class='ocr_line' id='line_1_45' title="bbox 656 2351 1108 2420; baseline -0.002 -12"><span class='ocrx_word' id='word_1_245' title='bbox 656 2354 799 2408; x_wconf 80' lang='lat' dir='ltr'>translatis</span> <span class='ocrx_word' id='word_1_246' title='bbox 824 2351 923 2420; x_wconf 81' lang='lat' dir='ltr'>scripsi</span> <span class='ocrx_word' id='word_1_247' title='bbox 948 2353 1108 2420; x_wconf 74' lang='lat' dir='ltr'>probata</span> 
     </span>
     <span class='ocr_line' id='line_1_46' title="bbox 657 2423 1108 2480; baseline 0.002 -1"><span class='ocrx_word' id='word_1_248' title='bbox 657 2431 685 2479; x_wconf 94' lang='lat' dir='ltr'>et</span> <span class='ocrx_word' id='word_1_249' title='bbox 710 2423 827 2479; x_wconf 85' lang='lat' dir='ltr'>fabae.</span> <span class='ocrx_word' id='word_1_250' title='bbox 851 2423 892 2477; x_wconf 88' lang='lat' dir='ltr'>sic</span> <span class='ocrx_word' id='word_1_251' title='bbox 917 2438 969 2479; x_wconf 89' lang='lat' dir='ltr'>eae</span> <span class='ocrx_word' id='word_1_252' title='bbox 988 2440 1108 2480; x_wconf 91' lang='lat' dir='ltr'>commu·</span> 
     </span>
     <span class='ocr_line' id='line_1_47' title="bbox 657 2493 1107 2561; baseline 0.004 -12"><span class='ocrx_word' id='word_1_253' title='bbox 657 2503 753 2549; x_wconf 88' lang='lat' dir='ltr'>tantur</span> <span class='ocrx_word' id='word_1_254' title='bbox 771 2496 799 2549; x_wconf 91' lang='lat' dir='ltr'>in</span> <span class='ocrx_word' id='word_1_255' title='bbox 819 2493 962 2559; x_wconf 83' lang='lat' dir='ltr'>„furvum“</span> <span class='ocrx_word' id='word_1_256' title='bbox 984 2501 1014 2550; x_wconf 90' lang='lat' dir='ltr'>et</span> <span class='ocrx_word' id='word_1_257' title='bbox 1035 2510 1107 2561; x_wconf 73' lang='lat' dir='ltr'>„cur</span> 
     </span>
     <span class='ocr_line' id='line_1_48' title="bbox 656 2564 1107 2635; baseline 0.004 -16"><span class='ocrx_word' id='word_1_258' title='bbox 656 2571 737 2620; x_wconf 82' lang='lat' dir='ltr'>vum“</span> <span class='ocrx_word' id='word_1_259' title='bbox 750 2567 877 2635; x_wconf 90' lang='lat' dir='ltr'>Propert.</span> <span class='ocrx_word' id='word_1_260' title='bbox 886 2564 913 2626; x_wconf 83' lang='grc'>5,</span> <span class='ocrx_word' id='word_1_261' title='bbox 924 2566 950 2628; x_wconf 83' lang='lat' dir='ltr'>l,</span> <span class='ocrx_word' id='word_1_262' title='bbox 960 2566 1004 2620; x_wconf 83' lang='grc'>27.</span> <span class='ocrx_word' id='word_1_263' title='bbox 1024 2564 1107 2621; x_wconf 82' lang='lat' dir='ltr'>Laclr.</span> 
     </span>
     <span class='ocr_line' id='line_1_49' title="bbox 659 2635 1105 2703; baseline 0.002 -13"><span class='ocrx_word' id='word_1_264' title='bbox 659 2636 778 2703; x_wconf 82' lang='lat' dir='ltr'>„fulina“</span> <span class='ocrx_word' id='word_1_265' title='bbox 804 2643 833 2691; x_wconf 89' lang='lat' dir='ltr'>et</span> <span class='ocrx_word' id='word_1_266' title='bbox 853 2635 979 2699; x_wconf 83' lang='lat' dir='ltr'>„culina“</span> <span class='ocrx_word' id='word_1_267' title='bbox 1005 2635 1054 2691; x_wconf 83' lang='lat' dir='ltr'>Sil</span> <span class='ocrx_word' id='word_1_268' title='bbox 1074 2636 1105 2691; x_wconf 81' lang='lat' dir='ltr'>It.</span> 
     </span>
     <span class='ocr_line' id='line_1_50' title="bbox 657 2706 1106 2771; baseline 0.002 -10"><span class='ocrx_word' id='word_1_269' title='bbox 657 2710 683 2771; x_wconf 85' lang='lat'>6,</span> <span class='ocrx_word' id='word_1_270' title='bbox 704 2709 763 2762; x_wconf 89' lang='grc'><strong>149.</strong></span> <span class='ocrx_word' id='word_1_271' title='bbox 783 2707 899 2762; x_wconf 86' lang='lat' dir='ltr'>Salmas.</span> <span class='ocrx_word' id='word_1_272' title='bbox 910 2707 948 2760; x_wconf 88' lang='lat' dir='ltr'>ad</span> <span class='ocrx_word' id='word_1_273' title='bbox 957 2707 1044 2762; x_wconf 88' lang='lat' dir='ltr'>lnscr.</span> <span class='ocrx_word' id='word_1_274' title='bbox 1053 2706 1106 2762; x_wconf 79' lang='lat' dir='ltr'>Hc</span> 
     </span>
     <span class='ocr_line' id='line_1_51' title="bbox 656 2775 1105 2846; baseline -0.011 -14"><span class='ocrx_word' id='word_1_275' title='bbox 656 2779 716 2833; x_wconf 90' lang='lat' dir='ltr'>rod.</span> <span class='ocrx_word' id='word_1_276' title='bbox 728 2796 755 2846; x_wconf 89' lang='lat' dir='ltr'>p.</span> <span class='ocrx_word' id='word_1_277' title='bbox 766 2780 808 2832; x_wconf 89' lang='grc'>51.</span> <span class='ocrx_word' id='word_1_278' title='bbox 828 2775 913 2832; x_wconf 83' lang='lat' dir='ltr'>bafa</span> <span class='ocrx_word' id='word_1_279' title='bbox 931 2777 1027 2846; x_wconf 90' lang='lat' dir='ltr'>bapha</span> <span class='ocrx_word' id='word_1_280' title='bbox 1035 2776 1105 2843; x_wconf 72' lang='grc' dir='ltr'>βαφὴ</span> 
     </span>
     <span class='ocr_line' id='line_1_52' title="bbox 657 2848 1106 2914; baseline -0.004 -10"><span class='ocrx_word' id='word_1_281' title='bbox 657 2856 700 2904; x_wconf 86' lang='lat' dir='ltr'>cst</span> <span class='ocrx_word' id='word_1_282' title='bbox 710 2849 809 2914; x_wconf 75' lang='grc' dir='ltr'>βάμμα,</span> <span class='ocrx_word' id='word_1_283' title='bbox 823 2851 950 2913; x_wconf 66' lang='grc' dir='ltr'>ἴνβαμμα,</span> <span class='ocrx_word' id='word_1_284' title='bbox 969 2848 1106 2904; x_wconf 84' lang='lat' dir='ltr'>enbamba</span> 
     </span>
     <span class='ocr_line' id='line_1_53' title="bbox 658 2918 1105 2983; baseline -0.002 -10"><span class='ocrx_word' id='word_1_285' title='bbox 658 2922 716 2974; x_wconf 88' lang='lat'>103.</span> <span class='ocrx_word' id='word_1_286' title='bbox 737 2919 868 2973; x_wconf 87' lang='lat' dir='ltr'>intinctus</span> <span class='ocrx_word' id='word_1_287' title='bbox 894 2918 964 2972; x_wconf 91' lang='lat' dir='ltr'>Plin.</span> <span class='ocrx_word' id='word_1_288' title='bbox 986 2922 1029 2983; x_wconf 89' lang='grc'><strong>15,</strong></span> <span class='ocrx_word' id='word_1_289' title='bbox 1046 2920 1105 2973; x_wconf 88' lang='grc'><strong>118.</strong></span> 
     </span>
     <span class='ocr_line' id='line_1_54' title="bbox 656 2989 1106 3058; baseline 0.004 -15"><span class='ocrx_word' id='word_1_290' title='bbox 656 2992 699 3053; x_wconf 90' lang='grc'>20,</span> <span class='ocrx_word' id='word_1_291' title='bbox 719 2991 761 3053; x_wconf 83' lang='grc'><strong>85,</strong></span> <span class='ocrx_word' id='word_1_292' title='bbox 781 2990 822 3044; x_wconf 83' lang='grc'>80.</span> <span class='ocrx_word' id='word_1_293' title='bbox 843 2990 972 3058; x_wconf 87' lang='lat' dir='ltr'>quoloco</span> <span class='ocrx_word' id='word_1_294' title='bbox 981 2989 1106 3045; x_wconf 78' lang='lat' dir='ltr'>brassica</span> 
     </span>
     <span class='ocr_line' id='line_1_55' title="bbox 657 3060 1104 3116; baseline -0.007 -1"><span class='ocrx_word' id='word_1_295' title='bbox 657 3077 690 3115; x_wconf 88' lang='lat' dir='ltr'>ex</span> <span class='ocrx_word' id='word_1_296' title='bbox 706 3061 824 3115; x_wconf 90' lang='lat' dir='ltr'>intinctu</span> <span class='ocrx_word' id='word_1_297' title='bbox 833 3060 958 3114; x_wconf 90' lang='lat' dir='ltr'>sumitur.</span> <span class='ocrx_word' id='word_1_298' title='bbox 969 3061 1050 3116; x_wconf 91' lang='lat' dir='ltr'>Hum.</span> <span class='ocrx_word' id='word_1_299' title='bbox 1061 3060 1104 3116; x_wconf 88' lang='lat' dir='ltr'>ed.</span> 
     </span>
     <span class='ocr_line' id='line_1_56' title="bbox 656 3131 873 3186; baseline 0 -1"><span class='ocrx_word' id='word_1_300' title='bbox 656 3132 690 3185; x_wconf 92' lang='lat' dir='ltr'>in</span> <span class='ocrx_word' id='word_1_301' title='bbox 710 3131 873 3186; x_wconf 87' lang='lat' dir='ltr'>caccabo.</span> 
     </span>
    </p>
   </div>
   <div class='ocr_carea' id='block_1_11' title="bbox 654 3236 1105 3663">
    <p class='ocr_par' dir='ltr' id='par_1_17' title="bbox 654 3236 1105 3663">
     <span class='ocr_line' id='line_1_57' title="bbox 709 3236 1105 3304; baseline 0.003 -15"><span class='ocrx_word' id='word_1_302' title='bbox 709 3236 746 3290; x_wconf 88' lang='lat' dir='ltr'>ad</span> <span class='ocrx_word' id='word_1_303' title='bbox 756 3237 801 3294; x_wconf 94' lang='grc'>90.</span> <span class='ocrx_word' id='word_1_304' title='bbox 820 3251 949 3304; x_wconf 87' lang='lat' dir='ltr'>porros</span> <span class='ocrx_word' id='word_1_305' title='bbox 964 3236 992 3289; x_wconf 92' lang='lat' dir='ltr'>in</span> <span class='ocrx_word' id='word_1_306' title='bbox 1010 3236 1105 3291; x_wconf 88' lang='lat' dir='ltr'>melio·</span> 
     </span>
     <span class='ocr_line' id='line_1_58' title="bbox 654 3305 1104 3375; baseline -0.002 -14"><span class='ocrx_word' id='word_1_307' title='bbox 654 3307 732 3362; x_wconf 88' lang='lat' dir='ltr'>ribus</span> <span class='ocrx_word' id='word_1_308' title='bbox 742 3323 793 3374; x_wconf 87' lang='lat' dir='ltr'>pru</span> <span class='ocrx_word' id='word_1_309' title='bbox 812 3305 920 3375; x_wconf 90' lang='lat' dir='ltr'>porri.</span> <span class='ocrx_word' id='word_1_310' title='bbox 939 3307 1104 3375; x_wconf 85' lang='lat' dir='ltr'>particulam</span> 
     </span>
     <span class='ocr_line' id='line_1_59' title="bbox 655 3378 1103 3438; baseline 0 -7"><span class='ocrx_word' id='word_1_311' title='bbox 655 3394 673 3431; x_wconf 88' lang='lat' dir='ltr'>a</span> <span class='ocrx_word' id='word_1_312' title='bbox 690 3378 788 3432; x_wconf 87' lang='lat' dir='ltr'>vicinis</span> <span class='ocrx_word' id='word_1_313' title='bbox 808 3378 913 3438; x_wconf 85' lang='lat' dir='ltr'>elisam,</span> <span class='ocrx_word' id='word_1_314' title='bbox 933 3383 965 3431; x_wconf 88' lang='lat' dir='ltr'>ut</span> <span class='ocrx_word' id='word_1_315' title='bbox 982 3378 1023 3431; x_wconf 86' lang='grc'>15.</span> <span class='ocrx_word' id='word_1_316' title='bbox 1045 3378 1103 3432; x_wconf 85' lang='grc'><strong>125.</strong></span> 
     </span>
     <span class='ocr_line' id='line_1_60' title="bbox 655 3448 1102 3515; baseline -0.004 -13"><span class='ocrx_word' id='word_1_317' title='bbox 655 3448 752 3502; x_wconf 88' lang='lat' dir='ltr'>addidi</span> <span class='ocrx_word' id='word_1_318' title='bbox 780 3464 831 3515; x_wconf 86' lang='lat' dir='ltr'>pro</span> <span class='ocrx_word' id='word_1_319' title='bbox 856 3448 937 3501; x_wconf 85' lang='lat' dir='ltr'>llum.</span> <span class='ocrx_word' id='word_1_320' title='bbox 963 3463 1043 3501; x_wconf 91' lang='lat' dir='ltr'>cum.</span> <span class='ocrx_word' id='word_1_321' title='bbox 1070 3476 1102 3487; x_wconf 83' lang='lat'>·-</span> 
     </span>
     <span class='ocr_line' id='line_1_61' title="bbox 655 3521 1102 3586; baseline -0.002 -13"><span class='ocrx_word' id='word_1_322' title='bbox 655 3521 688 3573; x_wconf 94' lang='lat' dir='ltr'>in</span> <span class='ocrx_word' id='word_1_323' title='bbox 723 3533 870 3586; x_wconf 88' lang='lat' dir='ltr'>aequam</span> <span class='ocrx_word' id='word_1_324' title='bbox 904 3532 1001 3586; x_wconf 85' lang='lat' dir='ltr'>aeque,</span> <span class='ocrx_word' id='word_1_325' title='bbox 1029 3522 1102 3572; x_wconf 85' lang='lat' dir='ltr'>recte</span> 
     </span>
     <span class='ocr_line' id='line_1_62' title="bbox 655 3590 1074 3663; baseline 0 -18"><span class='ocrx_word' id='word_1_326' title='bbox 655 3591 715 3645; x_wconf 87' lang='grc'><strong>269.</strong></span> <span class='ocrx_word' id='word_1_327' title='bbox 735 3605 804 3648; x_wconf 86' lang='lat' dir='ltr'>corr.</span> <span class='ocrx_word' id='word_1_328' title='bbox 824 3605 876 3663; x_wconf 83' lang='lat' dir='ltr'>pro</span> <span class='ocrx_word' id='word_1_329' title='bbox 895 3590 1074 3659; x_wconf 89' lang='lat' dir='ltr'>inaquam.</span> 
     </span>
    </p>
   </div>
   <div class='ocr_carea' id='block_1_12' title="bbox 0 0 1254 4178">
    <p class='ocr_par' dir='ltr' id='par_1_18' title="bbox 0 0 1254 4178">
     <span class='ocr_line' id='line_1_63' title="bbox 0 0 1254 4178; baseline 0 2"><span class='ocrx_word' id='word_1_330' title='bbox 0 0 1254 4178; x_wconf 95' lang='lat' dir='ltr'> </span> 
     </span>
    </p>
   </div>
  </div>
 </body>
</html>
