2498 4178
234 388 277 455 66
550 382 612 441 Lib.
636 383 685 440 111.
722 381 854 453 Oepuros

301 550 353 616 67.
380 547 642 614 Cucurbitas.
667 546 847 613 66166166
871 543 1068 611 cucurbitas
1092 550 1190 613 666111

234 660 406 726 expressas
428 639 461 705 in
479 645 600 721 patena
619 658 792 723 conponas.
810 626 933 702 adicies
953 635 992 702 in
1008 637 1190 703 mortarium

232 730 326 813 piper
350 735 381 794 et
404 728 562 809 ciminum,
592 726 652 792 silfi
675 727 802 792 modice
827 723 871 813 [id
894 729 946 792 est
968 724 1094 793 laseris
1116 723 1188 791 radi·

233 816 326 903 cem]‚
350 822 452 880 rutam
474 815 642 896 modicam,
666 815 839 896 liquamine
863 819 896 880 et
914 820 1013 880 aceto
1033 820 1188 898 tempera

231 905 290 985 bis,
315 905 420 969 mittes
444 904 612 971 defrictum
634 902 794 969 modicum
814 909 848 966 61
861 902 1034 969 coloretur.
1062 904 1115 970 ins
1131 901 1187 971 cxi

231 994 343 1059 nanies
373 994 405 1058 in
438 1000 568 1078 patena.
601 1013 673 1058 cum
702 991 855 1058 fervuerit
880 991 999 1057 iterum
1022 1013 1067 1059 66
1091 991 1186 1071 tertio,

232 1081 377 1166 depones
401 1088 433 1149 et
454 1083 548 1166 piper
570 1082 724 1147 minutum
747 1099 914 1163 asperges.
1172 1090 1180 1105 '

298 1172 351 1237 68.
387 1172 489 1237 Aliter
512 1170 692 1237 cucurbitas
708 1170 776 1234 iure
800 1167 1054 1235 colocasiorum:
1081 1187 1186 1236 cucur·

231 1260 316 1327 bitas
341 1281 459 1342 coques
483 1280 524 1326 ex
547 1278 651 1340 aequa
672 1259 705 1323 in
729 1257 857 1323 modum
876 1257 1125 1325 colocasiorum.
1146 1263 1186 1324 16

230 1369 283 1414 res
306 1350 409 1433 piper,
431 1349 589 1427 ciminum,
609 1353 722 1426 rutam,
743 1346 906 1411 suffundes
922 1352 1065 1428 acetum,
1090 1347 1184 1429 liqna

229 1456 314 1517 men,
345 1437 547 1520 temperabis.
579 1437 611 1501 in
636 1435 821 1500 caccabum.
854 1435 904 1501 cui
926 1433 1053 1502 adicies
1078 1442 1113 1502 ot
1134 1454 1185 1502 eas

230 1525 410 1591 cucurbitas
440 1526 558 1591 incisas
591 1543 772 1608 expressas.
805 1524 839 1589 16
866 1525 915 1589 166
937 1523 1046 1590 mittes
1069 1523 1185 1590 61161-

229 1619 335 1680 veant.
360 1614 465 1680 amolo
490 1614 624 1696 obligas,
648 1612 743 1697 piper
765 1612 913 1698 aspargis
937 1615 970 1677 et
990 1611 1126 1681 inferes.

232 1770 332 1826 bitas
352 1773 395 1826 ad
413 1778 564 1842 gustum.
587 1788 682 1841 ,6666-
737 1779 766 1828 16
786 1778 805 1836 β
829 1771 902 1826 florr.
922 1771 957 1826 de
976 1768 1082 1827 feretro
1102 1793 1127 1840 γ.
1154 1771 1186 1827 61·

232 1856 317 1911 rugos
337 1844 459 1899 callosos
485 1844 618 1899 reddere“
639 1850 683 1898 eat
736 1843 808 1898 milis
834 1843 953 1898 variatio
980 1841 1040 1897 145.
1068 1840 1103 1898 cf.
1128 1844 1185 1898 261.

231 1912 312 1982 quasi
331 1914 402 1969 callo
420 1914 568 1977 obducere,
587 1914 683 1969 616161
736 1916 796 1969 369.
826 1914 946 1970 defricto
974 1913 1103 1970 colorare
1127 1914 1186 1976 281.

229 1984 319 2038 minus
329 1985 444 2040 marcidi
452 1991 480 2039 et
490 1984 606 2048 flaccidi‚
617 2001 680 2040 caro
736 1984 797 2040 287.
817 1987 877 2040 337.
888 2000 977 2053 prope
987 1993 1133 2040 cocturam
1143 1983 1186 2041 vel

234 2071 330 2110 eorum
349 2055 441 2109 solida
459 2051 606 2125 firmaque,
626 2072 681 2123 non
736 2057 828 2112 media
847 2061 962 2111 coctura
984 2057 1108 2110 mittitur
1127 2056 1185 2111 218.

231 2123 324 2180 fluida.
352 2124 385 2181 ef.
410 2125 532 2196 χονδρός,
556 2125 680 2194 garipal-
736 2129 797 2182 216.
816 2128 877 2182 380.
897 2127 1029 2182 381234.
1051 2128 1185 2182 61119.-

231 2193 288 2260 δης.
335 2196 469 2266 11661661,
505 2197 680 2267 knorpeligt,
736 2198 1032 2266 coleturyflorred.
1044 2199 1185 2266 666616·

229 2265 389 2337 knarpelig‚
408 2269 575 2339 knopperig.
736 2276 830 2324 retur
846 2290 873 2322 π.
886 2299 918 2307 -
938 2269 1069 2323 iterum
1095 2269 1185 2326 61165.

284 2339 321 2392 66
341 2341 385 2395 67.
414 2340 681 2395 Disiunxiutvides
789 2341 826 2394 ad
845 2341 886 2394 68.
916 2339 1185 2395 colooesiorum

232 2413 313 2462 etex
333 2411 399 2464 edit.
428 2410 609 2476 prothum.
638 2411 681 2464 od
736 2411 798 2466 cod.
820 2411 877 2465 179.
896 2411 955 2465 208.
974 2410 1034 2465 218.
1051 2410 1184 2466 3216656

228 2484 373 2545 gustum
403 2481 482 2535 effeci
501 2481 538 2534 ad
557 2481 680 2536 iustum
734 2483 852 2536 variant,
873 2488 916 2536 est
935 2481 996 2536 olus
1014 2481 1147 2537 niliacum
1157 2486 1186 2536 et

229 2554 261 2601 ut
282 2549 342 2602 120.
365 2551 501 2615 „iustata“
522 2568 556 2605 ex
571 2557 680 2620 „gusta-
734 2554 852 2607 Romam
865 2553 1017 2621 perlatum=
1036 2566 1185 2621 praeparo

230 2621 286 2671 ta“.
307 2621 383 2686 quod
403 2623 531 2677 mendum
557 2638 592 2677 ex
618 2639 681 2691 pro·
735 2631 793 2678 tum
819 2640 853 2678 ex
878 2624 963 2691 longa
982 2628 1011 2677 61
1030 2639 1125 2678 crassa
1142 2637 1184 2676 ra-

228 2690 403 2747 nuntiatione
433 2700 524 2747 ortum
553 2699 581 2748 et
609 2694 681 2748 intra
735 2694 797 2749 dice
824 2696 868 2748 oui
895 2698 994 2762 gustus
1013 2694 1184 2756 tuberornm,

228 2777 326 2816 vocem
355 2764 477 2818 recurrit.
505 2763 539 2818 oi.
563 2763 680 2820 Salmas.
735 2765 855 2820 dulcedo
884 2764 1082 2827 avellanarum,
1112 2765 1184 2819 undo

229 2831 257 2885 in
276 2832 333 2887 Sol.
354 2851 380 2903 p.
400 2834 443 2889 43.
463 2835 525 2890 66.
538 2835 596 2888 137.
610 2851 628 2888 6
645 2836 678 2890 D.
734 2837 761 2890 in
773 2837 841 2890 cibis
851 2835 1014 2898 lautissima,
1033 2834 1184 2891 hodieoul-

227 2904 300 2960 iuste
311 2913 408 2962 coctus
420 2908 478 2962 133.
500 2923 534 2962 ex
549 2907 608 2962 iure
620 2908 679 2961 131.
735 2923 781 2961 666
801 2906 885 2960 diota.
905 2906 1021 2961 Salmas.
1041 2906 1107 2976 Hyi.
1121 2907 1183 2961 iatr.

227 2976 325 3030 6654.
347 3009 378 3015 -
399 2980 503 3047 piper
522 2984 556 3032 61
576 2994 605 3033 o.
629 2994 679 3046 pro
733 2994 760 3045 p.
782 2976 866 3031 1981)
887 2977 916 3032 O.
937 2976 1065 3032 Schneid.
1074 2976 1111 3032 ad
1121 2976 1183 3030 Pal-

227 3047 336 3114 piper
361 3050 433 3102 cim.
459 3050 679 3116 6116616616
734 3047 790 3102 166.
816 3049 843 3110 8,
868 3048 911 3110 24,
938 3048 979 3102 14.
1012 3078 1043 3086 -
1071 3061 1183 3117 aequa

228 3132 297 3171 corr.
318 3123 349 3171 ut
369 3120 472 3172 arctius
488 3121 637 3186 iungantur
651 3123 680 3172 et
734 3135 802 3173 corr.
829 3135 880 3186 pro
905 3133 1006 3186 aqua.
1029 3119 1068 3171 ad
1086 3118 1129 3172 54.
1150 3147 1181 3155 —

227 3188 284 3241 6161
303 3188 680 3256 πεπεροκὺμινονΗ16ιο66111
732 3188 826 3242 malim
864 3189 1033 3243 concisas
1069 3189 1113 3242 48.
1148 3188 1182 3241 16

227 3258 329 3313 medici
348 3257 374 3311 in
395 3258 495 3312 ideleri
515 3258 595 3325 Corp.
612 3263 634 3311 1.
652 3274 678 3326 6.
733 3259 788 3313 166
814 3259 898 3314 codd.
922 3259 1043 3314 otiosum
1062 3260 1181 3320 videtur,

226 3329 289 3392 411,
308 3328 678 3395 ‘ill—modicumyil.
734 3330 809 3397 quod
845 3330 875 3383 id
914 3330 969 3383 iam
1007 3329 1034 3382 16
1060 3329 1181 3383 caccabo

227 3400 362 3456 modici
382 3400 424 3455 ed.
444 3417 485 3468 pr.
525 3399 679 3454 -idest
733 3406 784 3454 est.
822 3401 930 3454 tentavi
959 3400 1058 3454 intus
1092 3398 1182 3455 6116

228 3470 290 3525 las.
310 3471 381 3526 rad
403 3471 510 3526 omittit
527 3491 550 3538 y.
571 3500 604 3510 -
624 3471 677 3525 de·
731 3470 874 3525 iustum.
893 3476 924 3523 at
942 3471 974 3524 in
992 3471 1046 3524 ius
1063 3469 1180 3528 mittis

228 3537 243 3601 ‚f
247 3542 320 3596 ruti
338 3543 381 3599 ed.
400 3541 519 3599 defricto
530 3561 558 3598 π.
578 3542 613 3597 de
624 3541 677 3596 ire·
732 3542 848 3596 recurrit
868 3541 926 3602 136,
