2498 4178
221 433 284 498 100
538 432 596 487 Lib.
616 433 663 488 lV.
689 434 852 489 Pandectes

217 586 351 672 ruerint,
374 597 458 656 teres
481 592 584 677 piper,
607 592 787 675 ligisticum,
818 592 1172 683 suffundisliquamen,

217 679 324 744 vinum
348 685 380 745 et
402 699 534 762 passum
557 686 591 743 ut
613 680 705 746 dulce
729 683 778 762 sit,
802 681 851 745 ius
876 681 916 746 de
941 701 998 746 suo
1022 683 1085 748 sibi
1109 685 1172 749 suf-

217 768 333 833 fundis.
364 787 498 832 revocas
517 768 550 832 in
578 769 699 835 bulbos.
733 790 804 834 cum
827 769 1011 851 terruerint,
1036 771 1079 835 ad
1106 793 1171 837 mo-

218 863 358 922 mentum
382 857 487 920 amolo
512 856 645 938 obligas.

288 945 359 1009 183.
392 943 564 1008 Gustum
597 944 646 1009 dc
670 945 899 1010 cucurbitis
922 945 1171 1013 farsilibus:

219 1033 397 1100 cucurbitas
426 1053 446 1096 a
476 1034 577 1098 latere
608 1033 763 1098 subtiliter
792 1033 834 1097 ad
863 1033 993 1098 modum
1017 1036 1170 1103 tessellae

218 1123 377 1202 oblongae
401 1120 534 1186 decidas
559 1127 591 1186 et
614 1140 752 1186 excavas
777 1128 808 1186 et
830 1121 926 1186 mittis
949 1123 983 1187 in
1006 1123 1169 1206 frigidam.

216 1211 385 1294 inpensam
409 1209 452 1274 ad
476 1229 532 1275 eas
551 1210 598 1274 sic
612 1208 732 1274 facies:
758 1215 843 1274 teres
859 1211 961 1294 piper,
986 1212 1169 1296 ligisticum,

218 1299 394 1382 origanum,
424 1297 588 1363 suffundes
611 1299 783 1380 liquamen,
812 1301 973 1365 cerebella
997 1307 1101 1384 cocta,
1126 1308 1170 1367 te-

217 1407 279 1469 res,
311 1407 372 1452 ova
403 1385 502 1451 cruda
525 1386 682 1451 dissolves
706 1392 738 1452 et
760 1386 885 1468 misces,
910 1394 951 1467 ⁵ut
978 1408 1076 1454 unum
1101 1410 1170 1456 cor-

217 1495 278 1560 pus
309 1474 438 1557 efficias,
473 1474 645 1558 liquamine
679 1476 882 1558 temperabis.
921 1482 954 1542 et
989 1479 1170 1545 cucurbitas

218 1563 451 1648 suprascriptas
482 1583 547 1628 non
577 1564 673 1647 plene
697 1569 805 1629 coctas
835 1585 876 1629 cx
899 1584 939 1630 ea
961 1565 1100 1648 inpensa
1123 1567 1168 1633 in-

216 1653 298 1736 ples,
335 1651 377 1717 de
403 1653 534 1718 tessella
564 1672 623 1717 sua
652 1651 802 1718 recludis.
834 1654 965 1719 surclas.
998 1659 1031 1720 et
1060 1662 1169 1722 coctas

218 1741 330 1807 eximis
353 1745 385 1806 et
406 1739 506 1823 frigia
532 1760 727 1823 oenogarum
751 1741 798 1806 sic
820 1740 938 1807 facies:
962 1747 1048 1809 teres
1065 1744 1169 1829 piper,

216 1828 397 1912 ligisticnm,
421 1828 584 1895 suffundas
607 1829 715 1894 vinum
731 1835 764 1895 et
778 1830 950 1912 liquamen,
975 1851 1073 1914 passo
1091 1839 1169 1899 tcm-

216 1917 356 2002 perabis,
380 1917 444 1983 olei
466 1918 626 1984 modicum
650 1918 755 1984 mittes
777 1919 811 1983 in
828 1920 1002 1984 caccabum
1019 1926 1052 1986 et
1066 1921 1169 1988 facies

215 2013 250 2071 ut
272 2006 403 2073 ferveat.
429 2026 501 2072 cum
523 2006 685 2088 fervuerit,
710 2007 815 2071 amolo
841 2008 975 2090 obligas.
1002 2014 1034 2074 et
1058 2029 1168 2076 cucur·

215 2095 297 2162 bitas
321 2094 429 2160 frictas
460 2115 624 2178 oenogaro
655 2095 822 2182 perfundis
848 2101 879 2160 et
900 2097 994 2180 piper
1017 2099 1168 2182 aspargis

216 2191 247 2250 et
268 2183 396 2251 inferes.

283 2274 356 2339 184.
381 2271 1056 2358 Gustumdepraecoquiiszpusilla
1073 2295 1167 2359 prae·

215 2363 329 2445 coquia
351 2381 481 2446 purgas,
507 2362 668 2442 enuclees,
691 2360 726 2424 in
748 2359 898 2442 frigidam
921 2361 1029 2443 mittis,
1053 2363 1088 2428 in
1110 2384 1167 2448 pa·

214 2519 283 2574 cibis
319 2518 470 2574 levioribus
502 2518 661 2574 nominatae
715 2533 749 2572 ex
767 2518 828 2571 252.
853 2534 905 2586 pro
924 2521 1058 2577 mittes.
1078 2553 1106 2560 -
1130 2528 1168 2579 et

212 2594 277 2644 sunt
306 2594 337 2643 ut
365 2590 424 2643 259.
461 2589 531 2644 Cels.
563 2591 588 2653 2,
617 2591 659 2643 22.
714 2604 755 2643 cx
782 2603 822 2643 ea
851 2589 934 2646 codd.
964 2621 997 2631 —
1023 2593 1167 2649 surclas

212 2659 315 2715 Athen.
335 2661 361 2724 3,
379 2660 421 2714 49.
443 2659 562 2718 Casaub.
581 2659 618 2713 ad
634 2661 661 2724 2,

212 2731 248 2786 64
265 2731 556 2800 p.428.—scellas
577 2731 660 2785 codd.

211 2819 261 2871 per
279 2803 443 2871 aphaeresin
462 2803 478 2856 i.
494 2817 518 2871 q.
538 2802 660 2856 ancellas

211 2876 271 2930 181.
297 2874 342 2929 vel
368 2874 516 2944 intelleges
535 2872 660 2927 rusticel-

210 2946 262 3009 las,
291 2947 375 3016 iunge
404 2945 568 3018 rebhbhner‚
596 2960 659 3012 per·

209 3018 271 3072 drix
301 3020 398 3087 grisea,
425 3033 495 3087 quae
526 3017 659 3071 Romanis

209 3089 330 3144 rusticae
349 3090 471 3157 gallinae
491 3089 618 3143 dicuntur
630 3094 659 3142 et

209 3160 337 3228 perdices
361 3159 519 3222 rusticulaa
542 3159 588 3213 vel
607 3173 658 3213 ac·

209 3229 659 3293 celasacceias,beccasscsGal-

209 3301 307 3356 lorum.
333 3300 419 3355 scillis
445 3300 592 3355 bulborum
610 3317 658 3356 no·

209 3372 353 3427 bilissimis
372 3372 450 3426 locus
469 3387 524 3427 non
544 3377 594 3426 cst.

260 3444 373 3498 ad183.
393 3441 659 3499 farsilibusfar·

208 3515 255 3578 sis,
273 3517 398 3585 impensa
407 3515 537 3584 impletis.
553 3547 579 3553 —
596 3531 658 3570 eas

208 3602 276 3643 corr.
296 3603 347 3657 pro
366 3604 447 3643 eam.
474 3597 503 3643 et
526 3587 657 3643 misces

714 2675 764 2727 pro
801 2660 934 2715 surdas.
968 2663 1112 2719 literarum
1140 2665 1167 2720 cl

714 2729 803 2784 forma
821 2745 906 2800 saepe
923 2731 1081 2789 habebatur
1091 2735 1167 2791 dad

714 2801 775 2856 268.
803 2801 868 2856 inde
898 2803 947 2857 191
991 2805 1166 2872 turuudabis‚

714 2872 893 2929 turunclabis.
912 2875 1083 2930 turuncabis.
1106 2892 1166 2932 sur·

714 2942 787 2998 clare
806 2949 850 2998 est
860 2945 936 3012 qood
945 2947 1095 3011 surculam,
1105 2964 1166 3004 sur·

713 3015 775 3069 culo
811 3015 927 3083 alligare
954 3017 1016 3080 207,
1047 3013 1166 3088 infigere

712 3086 773 3149 319,
792 3091 824 3140 ut
842 3088 948 3154 sirpare
966 3093 1011 3143 est
1029 3089 1166 3158 sirpiculis

713 3155 837 3241 alligare,
857 3164 942 3226 utque
964 3159 1128 3228 pampinare
1145 3175 1165 3216 a

712 3242 853 3296 pampmo‚
887 3245 998 3285 ruscarc
1026 3245 1043 3284 a
1071 3247 1162 3288 rusco.

712 3300 818 3353 surclus
847 3315 868 3354 s.
897 3301 1022 3356 surculus
1051 3307 1096 3357 cst
1119 3318 1164 3357 ra·

711 3371 863 3435 musculus,
894 3372 1003 3440 spinula
1033 3372 1164 3430 lanceola

712 3447 742 3496 ct
752 3442 905 3511 cuspidula,
920 3459 1072 3513 coquorum
1082 3445 1163 3514 speil,

712 3513 880 3582 spiesschen.

764 3586 801 3640 ad
830 3587 891 3646 184.
926 3586 1162 3661 praecoqniir
