2498 4178
227 437 289 506 102

224 597 264 665 tis
286 597 319 664 in
343 601 516 666 caccabum
540 619 638 688 supra
662 600 822 666 cerebella
843 604 874 664 et
891 599 1032 682 pulpam.
1059 599 1114 663 ubi
1130 618 1177 663 sa-

224 686 264 753 tis
287 687 391 770 fuerit,
417 709 486 754 cum
510 688 579 754 iure
601 689 726 754 misces.
752 709 793 754 ex
817 688 878 753 boc
891 687 1045 771 paulatim
1063 688 1177 754 alicam

225 776 366 843 condies.
392 777 450 842 sed
473 777 522 842 ius
545 783 580 842 ut
602 777 693 859 quasi
717 797 811 843 sucus
835 775 990 842 rideatur.

295 865 365 930 186.
390 865 536 930 Pultes
559 866 748 931 iulianae
773 865 819 932 sio
840 870 1035 947 coquantur:
1061 865 1176 931 alicam

223 959 393 1037 purgatam
425 953 575 1034 infundis,
606 973 735 1035 coques.
759 953 860 1020 facies
884 960 918 1018 ut
943 952 1081 1019 ferveat.
1107 973 1176 1019 cum

222 1040 383 1123 fervuerit,
402 1044 504 1107 oleum
522 1043 628 1108 mittis.
647 1062 716 1107 oum
734 1043 929 1128 spissaverit,
952 1041 1023 1108 lias.
1045 1039 1175 1107 Adicies

223 1131 383 1195 cerebella
415 1131 478 1197 duo
511 1138 602 1197 cocta
633 1137 665 1196 et
695 1132 843 1196 selibram
872 1130 992 1214 pulpae
1018 1130 1112 1212 quasi
1134 1130 1175 1195 ad

221 1219 313 1285 isicia
335 1219 461 1302 frictae,
495 1241 565 1284 cum
590 1219 758 1286 cerebellis
780 1225 866 1284 teres
890 1218 976 1284 etin
1001 1221 1175 1284 caccabum

222 1309 336 1374 mittes.
362 1314 446 1375 teres
470 1309 572 1394 piper,
596 1308 777 1390 ligisticum,
802 1308 933 1372 feniculi
956 1326 1080 1386 semen,
1113 1307 1174 1372 suf-

221 1397 328 1462 fundis
351 1397 514 1478 liquamen
538 1404 570 1461 et
592 1398 699 1461 vinnm
721 1395 848 1461 modice
873 1401 904 1460 et
927 1395 1024 1459 mittis
1047 1396 1080 1460 in
1106 1416 1174 1462 cac-

222 1488 336 1550 cabum
359 1505 457 1573 supra
480 1485 640 1552 cerebella
664 1492 696 1550 et
717 1486 858 1570 pulpam.
891 1484 944 1550 ubi
968 1483 1047 1549 satis
1069 1483 1174 1565 fuerit,

222 1594 294 1640 cum
317 1573 385 1639 iuro
408 1575 533 1640 misces.
560 1594 601 1639 ex
624 1573 685 1640 boc
707 1573 862 1657 paulatim
891 1574 1008 1638 alicam
1032 1573 1173 1638 condies.

549 435 609 496 bib.
628 437 663 496 V.
701 438 828 511 Osprcos.

220 1664 279 1728 sed
310 1661 353 1728 ad
382 1663 508 1728 trullam
537 1662 711 1749 permisces
744 1669 776 1728 et
805 1661 865 1727 lias
894 1666 928 1726 ut
959 1661 1052 1744 quasi
1081 1681 1174 1727 sucus

220 1752 376 1819 videatur.

290 1840 361 1904 187.
393 1839 539 1904 Pultes
562 1839 652 1904 iure
676 1838 881 1921 oenogari
905 1838 1034 1904 cocti:
1069 1837 1174 1921 pultes

221 1927 375 2010 oenogari
400 1929 482 1994 bene
506 1929 589 1993 cocti
603 1926 672 1993 iure
689 1927 820 1994 condies
839 1923 1012 2015 [copadial.
1039 1926 1179 1992 similam·

220 2016 288 2082 sivc
320 2015 436 2082 alicam
468 2021 592 2081 coctam
623 2015 684 2080 hoc
707 2016 775 2081 iuro
800 2015 940 2080 condies.
971 2021 1099 2080 etcum
1124 2035 1174 2080 co-

219 2105 324 2192 padiis
335 2105 477 2193 porcinis
491 2105 628 2192 apponis
652 2105 808 2187 oenogari
832 2104 914 2180 cocti
936 2104 1005 2168 iuro
1026 2103 1172 2173 conditis.
1213 2148 1215 2161 ›

220 2279 299 2334 quas,
326 2265 433 2334 aliquas
457 2265 515 2318 179.
538 2293 567 2301 -
596 2263 671 2317 adi·
727 2264 768 2317 13.
797 2262 834 2316 ad
861 2276 970 2316 manum
999 2263 1113 2324 saltare,
1138 2261 1173 2318 ad

220 2336 292 2391 cies
312 2335 571 2390 1000110100-
590 2333 671 2388 fria-

219 2414 279 2462 100
305 2423 373 2461 corr.
399 2423 433 2460 cx
457 2406 499 2458 38.
526 2422 577 2472 pro
602 2405 671 2458 lia·

220 2484 289 2531 tae.
312 2507 340 2512 -—
362 2493 435 2531 cum
455 2476 533 2528 iure
552 2488 587 2530 ex
603 2475 671 2537 iure.

221 2545 358 2608 instead
378 2546 420 2598 54.

274 2616 311 2670 ad
333 2617 391 2670 186.
422 2614 456 2670 cf.
476 2615 513 2669 ad
534 2616 593 2669 185Δ
620 2631 670 2671 eae

219 2687 313 2756 pultes
332 2703 386 2742 non
402 2686 554 2740 -habebunt
571 2703 671 2740 nomen

220 2758 355 2826 aluliano
366 2758 494 2820 Caesare,
513 2757 540 2810 in
554 2771 588 2811 eo
599 2758 671 2812 enim

220 2829 344 2883 ciborum
369 2828 565 2898 parsimoniam
592 2843 671 2895 prae·

220 2901 298 2955 dicat
306 2899 471 2954 Ammianus
490 2900 571 2953 Marc.
591 2900 671 2961 21,9,

220 2974 244 3027 2.
266 2973 403 3039 spartian.
426 2971 487 3025 bid.
507 2970 557 3024 Iul.
575 2971 599 3023 3.
620 2969 671 3024 sed

219 3043 255 3096 ab
281 3043 330 3096 illo
356 3044 448 3097 nescio
476 3058 530 3108 quo
554 3041 598 3105 eui
623 3038 670 3094 de*-

219 3113 316 3168 bemus
334 3117 406 3178 yr'roc
425 3111 592 3161 πλακούντων
608 3112 668 3160 ἰου-

219 3182 307 3233 λιιινύν
340 3199 384 3249 ap.
420 3180 523 3235 Athen.
555 3181 597 3241 14,
626 3181 669 3235 57.

220 3254 285 3308 olim
305 3253 389 3305 malui
408 3251 573 3306 iurianae
598 3252 670 3305 iuru-

218 3325 321 3386 lentae,
339 3324 398 3377 iure
418 3322 555 3376 conditae.
582 3352 615 3361 -
635 3329 671 3376 et

180 3411 181 3415 ¹
218 3396 262 3450 ad
289 3401 333 3448 tr.
360 3393 441 3448 codd.
468 3393 509 3446 sio
535 3393 670 3456 „adcan-

219 3482 282 3520 nam
316 3464 493 3534 praecidere“
528 3464 587 3516 263.
618 3479 669 3531 pro

220 3537 281 3591 solo
307 3535 443 3599 ablativo,
468 3535 506 3590 ad
531 3534 669 3588 latruncu-

220 3607 262 3666 los
281 3607 376 3664 luderc
387 3623 432 3676 ap.
444 3604 558 3677 l'opioc.
577 3605 667 3662 Procl.

726 2334 810 2388 tibias
839 2348 950 2395 canoro.
984 2333 1021 2387 ad
1056 2333 1173 2402 digitum

725 2419 859 2473 pugnare
885 2403 1026 2467 Drakenb.
1053 2405 1090 2458 ad
1114 2404 1171 2459 Liv.

726 2476 751 2538 7,
762 2478 787 2538 2,
799 2475 839 2528 10.
863 2477 903 2528 sic
913 2474 978 2538 ⁷1ng
988 2474 1070 2525 αὗλόν
1090 2479 1172 2542 φθέγ-

724 2550 822 2612 γεσθαι·
841 2551 870 2598 et
903 2545 980 2611 αὐλῷ.
1016 2547 1101 2600 trulla
1132 2551 1173 2600 ebt

725 2615 874 2670 rlihrkelie'.
912 2616 1013 2684 Τορύνη
1032 2618 1106 2672 unde
1124 2636 1172 2668 10-

725 2685 836 2755 ρυνητόν
855 2693 918 2739 trun
936 2687 1084 2743 subactum
1096 2687 1172 2743 etle-

724 2758 849 2825 vigatum
867 2758 928 2810 375.

777 2828 815 2881 ad
836 2827 900 2881 187.’
914 2829 955 2882 sie
975 2829 1056 2882 Hum.
1077 2845 1111 2883 ex
1130 2827 1171 2884 ed.

724 2915 765 2966 pr.
790 2898 901 2954 codices
927 2915 977 2953 sex
1002 2905 1101 2954 contra
1119 2915 1172 2953 nnn

723 2968 828 3023 habent
854 2969 972 3023 alterum
1006 2971 1169 3040 „nenegari“

724 3046 753 3095 et
779 3039 840 3095 cod.
866 3045 892 3102 β.
917 3057 949 3108 p.
980 3040 1059 3096 iure
1088 3056 1172 3096 oeno

724 3110 829 3164 cocti.
859 3126 890 3177 p.
918 3111 1008 3166 beno
1036 3111 1171 3167 contii.

724 3195 894 3249 oenogarum
928 3187 1037 3236 coctum
1063 3198 1172 3250 compa-

724 3252 840 3305 randum
860 3268 920 3305 cum
940 3253 1005 3306 vino
1017 3259 1098 3307 cocto
1113 3253 1171 3307 147.

726 3352 757 3360 -
784 3338 839 3390 ap.
873 3324 1050 3391 nenegari
1076 3323 1172 3378 cocti

723 3391 804 3447 Hum.
825 3394 946 3448 correxit
964 3411 1014 3463 pro
1025 3395 1173 3450 vitiosaex

724 3464 889 3531 compendio
909 3471 973 3519 orta
985 3466 1106 3520 lectione
1123 3480 1170 3533 ap.

724 3537 929 3660 0900000011
950 3535 1172 3605 decopadiisad

723 3622 740 3658 Ο
760 3635 820 3657 ,απ
