2498 4178
472 424 531 484 Lib.
551 422 597 482 IV.
626 420 789 482 Pandectes
1056 420 1095 488 91

147 584 268 652 urticas
292 587 430 655 marinas
452 589 536 654 bene
549 590 641 653 lotas.
666 588 779 655 mittes.
804 584 1009 652 haecomnia
1027 606 1098 653 cum
1130 594 1136 600 ’

147 683 240 743 cocta
263 676 388 757 fuerint,
412 683 496 744 teres
512 678 616 763 piper,
640 676 820 760 ligistioum,
846 675 1021 758 origanum,
1045 675 1098 741 fri·

147 764 249 845 cabis,
280 766 441 849 liquamen
464 767 638 847 suffundas,
670 769 719 832 ius
749 767 790 830 de
813 783 871 829 suo
895 765 964 830 sibi.
990 765 1098 831 exina-

146 852 216 921 nies
238 854 272 919 in
296 856 479 920 caccabum.
512 876 583 921 oum
611 855 772 936 feluuerit,
803 858 938 919 tractam
961 853 1098 920 confrin-

146 962 216 1025 ges,
241 939 378 1027 obligas.
404 964 473 1010 cum
497 944 658 1026 fervuerit,
688 944 802 1026 agitas.
833 942 927 1029 piper
949 942 1098 1030 aspargis

147 1037 179 1099 ct
200 1031 326 1097 inferes.
912 1106 916 1111 Q

217 1121 288 1185 172.
313 1121 491 1186 Minutal
515 1121 788 1186 terentinum:
813 1119 1098 1187 concidesincac·

147 1209 262 1276 cabum
286 1210 434 1275 albamen
458 1209 499 1274 de
513 1210 616 1293 porris
634 1209 819 1288 minutatim,
843 1208 965 1276 adicies
982 1210 1097 1289 oleum,

145 1297 308 1378 liquamen
333 1304 461 1364 coctura
484 1298 609 1364 isiciala
632 1299 727 1364 valde
751 1299 872 1363 minuta
895 1304 927 1364 et
949 1297 996 1364 sic
1019 1303 1097 1362 tem·

145 1407 243 1472 peras
267 1392 301 1451 ut
322 1392 467 1474 tenerum
490 1387 538 1452 sit.
562 1426 602 1436 --
626 1388 750 1454 isicium
773 1387 963 1453 tarentinum
986 1386 1097 1466 facies,

144 1475 227 1541 inter
250 1475 373 1541 isiciam
397 1474 630 1542 confectionem
652 1477 798 1543 invenies
818 1513 866 1541 -.
891 1476 940 1541 ius
963 1477 1028 1541 tale
1051 1473 1098 1539 fa·

145 1564 229 1630 cies:
253 1564 347 1649 piper
362 1564 544 1647 ligisticum,
570 1567 745 1647 origanum,
769 1564 909 1647 fricabis,
934 1563 1098 1630 suffundas

144 1653 319 1737 liquamen,
344 1653 392 1718 ius
417 1654 458 1719 de
483 1673 541 1718 suo
565 1655 635 1736 sibi,
667 1655 740 1719 vino
765 1659 798 1720 et
819 1673 916 1736 passo
940 1659 1098 1736 tempera-

145 1741 204 1808 bis.
240 1743 345 1808 mittes
379 1743 412 1806 in
448 1745 631 1809 caccabum.
669 1764 739 1808 cum
774 1742 934 1808 femuerit.
964 1738 1098 1807 tractam

146 1829 340 1913 confringes,
366 1831 500 1913 obligas.
526 1833 619 1915 piper
641 1832 789 1914 aspargis
813 1838 845 1897 et
867 1829 995 1896 inferes.

216 1921 288 1984 173.
313 1920 494 1984 Minutal
512 1921 768 2005 apicianum:
794 1921 909 2000 oleum,
924 1919 1097 2000 liquamen,

143 2006 264 2087 vinum,
295 2028 424 2093 porrum
448 2009 631 2092 capitatum,
662 2015 812 2090 mentam,
841 2008 1022 2094 pisciculos,
1045 2006 1098 2072 isi-

653 2199 685 2205 -
701 2168 797 2221 inter
815 2167 923 2220 isicia
942 2166 1037 2233 cody.
1056 2181 1099 2219 re·

144 2173 204 2220 tos
222 2166 259 2220 ad
278 2167 377 2237 ignem.
397 2196 430 2203 -
449 2169 483 2221 in
502 2169 597 2224 utiab-

651 2239 788 2307 liquorum
807 2237 974 2291 adiectivum
995 2248 1024 2292 et
1037 2236 1098 2290 138.

143 2242 272 2305 sorptum
298 2244 363 2293 ante
394 2242 539 2302 ,coctura¹‘
569 2246 598 2295 et

146 2309 208 2363 178.
229 2308 288 2362 174.
309 2310 443 2363 175.177.
465 2310 529 2364 olim
549 2312 598 2366 ad·

146 2379 206 2435 didi
218 2381 273 2434 exl
284 2381 379 2434 et161.
388 2381 481 2435 assat
492 2379 525 2434 cf.
536 2381 596 2436 399.

144 2450 506 2520 40lb-concapitisy.
524 2469 596 2507 cum

143 2521 278 2589 cepisi.
299 2538 371 2575 cum
391 2524 535 2590 caparis
553 2524 596 2578 ed.

144 2609 186 2662 pr.
213 2592 287 2646 unde
313 2593 395 2647 Hum.
421 2592 489 2648 fecit
515 2610 597 2649 con·

144 2663 270 2786 ccrlpis
294 2663 322 2716 in
349 2662 439 2748 frusta
465 2666 596 2788 coplcidis.

144 2765 178 2772 -
210 2748 299 2788 acuna
318 2750 390 2801 quae
415 2752 441 2789 1n
466 2752 498 2789 co
521 2775 526 2787 .
547 2751 598 2790 xa

143 2810 168 2870 g.
180 2805 222 2858 70.
232 2802 287 2859 ’θεῖ
305 2803 351 2858 bic
363 2800 446 2860 finem
456 2805 551 2860 habet.
563 2836 596 2844 —

145 2874 297 2944 obligas
322 2891 356 2930 ex
382 2891 415 2930 ea
434 2883 526 2930 tracta
546 2875 598 2930 174

145 2946 241 2999 -177.
271 2974 306 2983 -
332 2962 405 3000 cum
426 2945 510 3000 ferv.
537 2953 596 3000 tan-

146 3030 229 3084 quam
278 3017 417 3084 superflna
463 3019 596 3085 expunxit

144 3086 227 3140 Hum.
253 3091 282 3141 ot
299 3103 352 3140 om.
378 3088 391 3146 ζ
413 3094 444 3142 ut
471 3089 593 3156 ,agitas“

144 3161 174 3210 et
193 3162 284 3211 totam
303 3159 401 3222 §.172
422 3187 454 3194 -
475 3159 596 3227 agitas

144 3229 273 3296 coagitas
294 3244 354 3282 cum
373 3229 499 3296 impensa
512 3244 597 3297 supra

143 3299 248 3366 scripta
269 3299 326 3351 173.

165 3422 169 3430 ,
197 3368 234 3422 ad
254 3369 314 3422 172.
333 3385 434 3424 nomen
453 3368 539 3424 habet
557 3370 594 3423 ab

142 3437 222 3494 isicio
242 3440 380 3493 terentino
404 3455 425 3492 s.
446 3440 594 3502 tarentino,

143 3509 179 3564 dc
198 3525 254 3578 quo
274 3509 370 3564 docuit
388 3511 430 3564 53.
447 3541 476 3547 -
498 3510 595 3562 alba-

104 3590 108 3599 ·
143 3580 593 3637 men59.-veldom.oodd.

651 2311 692 2364 sic
705 2311 776 2364 inter
786 2309 896 2376 lepores
907 2309 966 2362 177.
986 2310 1099 2363 demon·

651 2380 799 2435 strabimus
809 2380 881 2433 inter
888 2378 1011 2442 arbores,
1027 2378 1097 2433 Plin.

653 2452 695 2515 14,
721 2451 778 2504 127.
806 2451 928 2505 dicemus
953 2451 1026 2505 inter
1043 2466 1100 2505 me-

652 2523 731 2577 dicas
751 2524 793 2584 19,
815 2522 874 2576 128.
904 2521 948 2585 24,
966 2522 1008 2576 81.
1028 2522 1100 2576 inter

652 2592 766 2647 frutices
791 2595 834 2656 20,
862 2593 920 2646 165.
947 2594 975 2646 in
1000 2592 1099 2648 harnu-

652 2664 716 2718 dine
736 2664 778 2727 17,
799 2665 858 2718 153.
877 2664 905 2717 in
921 2664 1042 2719 metallis
1055 2665 1099 2727 29,

653 2736 712 2788 118.
732 2736 760 2788 in
779 2735 866 2789 oculis
885 2736 928 2796 32,
949 2737 1007 2789 136.
1028 2737 1100 2790 sicut

651 2807 678 2859 in
698 2807 846 2874 pecoribus
864 2807 1008 2873 proposui,
1027 2806 1097 2861 Cels.

651 2878 677 2938 5,
697 2877 739 2939 28,
761 2877 800 2929 16.
830 2877 857 2929 in
883 2876 961 2930 libris
980 2876 1099 2944 agricul-

651 2952 739 3000 turae.
753 2977 781 2983 —
795 2951 851 2999 tra
862 2951 919 2998 cta
928 2946 1009 3000 codd.
1020 2962 1099 3014 prae-

650 3023 693 3070 tor
699 3017 741 3069 ed.
750 3032 790 3083 pr.
797 3021 826 3070 ct
832 3016 913 3069 Hum.
922 3047 948 3052 -
962 3017 1099 3072 excidisse

650 3087 760 3140 videtur
781 3087 903 3154 ,agitas“
925 3086 985 3140 171.

704 3157 741 3209 ad
752 3157 811 3210 173.
832 3156 958 3210 codicum
978 3172 1098 3226 capro·

650 3244 727 3280 num
756 3233 800 3281 est
831 3227 876 3280 vel
912 3242 1098 3295 caprorum

651 3296 789 3352 hircorum
803 3304 1032 3361 excastratorum,
1051 3297 1097 3347 ἐκ-

651 3374 756 3429 τομίων,
781 3369 827 3424 vel
846 3384 1020 3435 caponum
1034 3368 1099 3437 ¹gal-

650 3438 817 3493 linaceorum
838 3439 1037 3508 saginaturum,
1057 3456 1099 3494 se-

649 3510 803 3563 mimarium
815 3524 954 3576 caporum,
975 3509 1021 3578 qui
1032 3510 1097 3564 olim

649 3578 731 3633 aliter
759 3579 953 3633 castrabantur
979 3581 1097 3639 testibus
