2498 4178
149 435 169 508 Β
552 439 703 497 Praefatio.

150 608 183 669 et
206 623 279 669 meo
303 603 405 669 Marte
427 604 542 687 peregi
565 603 651 686 quod
674 604 745 670 libri
768 625 833 669 non
855 610 1034 688 potuerunt.
1059 605 1103 671 ad

152 709 334 794 depravata
366 715 398 775 et
428 717 578 794 corrupta
608 711 781 778 connivere
811 731 874 776 non
898 716 947 776 ost
971 711 1102 778 editoris

151 816 282 899 strenui,
314 816 373 882 scd
407 817 514 882 omnia
553 818 748 901 expendere,
788 818 895 883 omnia
929 818 1102 886 emendare

148 922 265 989 conari.
297 921 541 991 emendationes
573 944 656 1006 quae
685 924 783 990 firmis
811 925 950 990 nituntur
973 926 1101 992 rationi-

146 1030 207 1097 b'us
229 1029 263 1095 in
286 1036 471 1097 contentum
494 1030 712 1115 recipiendae,
745 1050 828 1113 quac
853 1052 894 1097 ex
916 1032 1046 1115 ingenio
1071 1038 1104 1099 et

148 1136 334 1202 coniectura
357 1143 480 1203 tantum
504 1143 602 1204 natac
623 1137 828 1206 reiiciendae.
854 1137 913 1205 sed
936 1144 970 1204 ut
991 1158 1103 1205 verum

147 1241 259 1326 fatear,
291 1244 399 1328 plures
431 1263 556 1310 errores
589 1265 630 1311 ex
660 1245 844 1312 coniectura
872 1245 984 1311 sustuli
1007 1265 1102 1328 quam

148 1369 189 1416 ex
219 1350 308 1416 libris
339 1351 393 1432 qni
424 1370 537 1417 omncs
568 1351 797 1436 adepravatis
824 1353 995 1438 propagati
1018 1359 1101 1435 sunt,

146 1476 188 1523 ne
220 1457 369 1522 continuo
400 1457 554 1525 lectorem
583 1465 758 1525 remoretur
780 1459 922 1544 Apicius.
948 1481 988 1524 ex
1013 1459 1102 1542 quin-

147 1580 211 1646 quo
235 1563 327 1628 annis
350 1570 425 1630 ante
456 1584 537 1647 quos
568 1565 689 1649 primas
717 1565 827 1631 hastas
849 1566 968 1631 iactavi
992 1572 1024 1633 et
1046 1587 1102 1651 pe·

148 1671 222 1738 dem
256 1671 376 1737 contuli
407 1673 512 1738 nullus
541 1671 611 1738 fere
642 1672 713 1738 dics
743 1672 911 1756 praeteriit
944 1692 1006 1754 quo
1038 1694 1103 1739 non

147 1798 260 1844 manus
289 1779 497 1861 admoverim,
528 1780 646 1845 lineam
678 1778 833 1861 duxerim,
865 1780 924 1845 sub
954 1780 1103 1846 incudem

115 1939 117 1942 .
147 1886 377 1968 revocaverim,
401 1886 564 1968 negotium
586 1886 821 1967 ruminaverim,
846 1884 997 1952 iudicium
1016 1885 1102 1953 fece·

147 1991 207 2057 rim
232 1991 273 2057 ad
299 1992 459 2057 amussim.
492 2012 557 2057 non
588 1992 756 2058 subcisivis
779 1992 865 2058 horis
890 1998 922 2057 et
944 2011 1103 2076 suspensa

146 2108 246 2166 manu
278 2105 428 2184 operatus
460 2119 529 2166 sum
561 2105 778 2182 quantumque
809 2120 868 2183 per
898 2098 979 2164 alias
1008 2100 1103 2165 inter·

146 2209 340 2293 pellationes
373 2208 461 2274 licuit
490 2206 659 2274 absolvere
689 2205 805 2273 studui.
839 2225 949 2272 omnes
972 2205 1104 2272 adhibui

88 2334 92 2341 ·
146 2316 324 2398 machinas,
349 2315 495 2381 omnibus
518 2313 663 2396 vestigiis
677 2313 836 2399 inquisivi,
860 2332 1103 2380 omnes-nervos

145 2423 278 2505 intendi,
297 2442 407 2487 omnes
422 2420 543 2486 forulos
560 2421 698 2504 excussi,
716 2425 750 2485 ut
762 2421 983 2503 intellegerem
998 2421 1103 2487 Aetna

149 2529 333 2612 graviorem
363 2528 510 2612 Apicium
543 2536 576 2594 et
599 2528 671 2594 aliis
694 2528 891 2612 explicarem
915 2527 968 2609 qui
992 2527 1047 2593 diu
1069 2529 1101 2594 in

145 2636 254 2703 herbis
277 2636 336 2700 fuit
358 2636 468 2717 sicque
492 2636 588 2719 pleno
612 2635 716 2718 gradu
727 2634 914 2718 ingrediens
930 2635 984 2717 qui
998 2636 1102 2719 primo

148 2744 280 2810 vitulum
314 2743 369 2808 vix
399 2743 510 2809 sustuli
532 2742 664 2808 tandem
698 2747 822 2807 taurum
857 2742 992 2825 gestavi.
1032 2743 1102 2810 sine

146 2852 281 2938 pulvere
306 2853 392 2916 nulla
414 2851 533 2934 palma.
565 2870 629 2915 non
652 2849 753 2934 pudet
775 2870 825 2915 me
848 2850 1101 2916 lucubrationem

144 2961 310 3026 lucernam
341 2959 428 3025 olere
459 2957 666 3039 confiterique
693 2943 905 3022 lucernariam
927 2957 1027 3022 vitam
1048 2978 1101 3023 me

144 3066 273 3148 dooere,
316 3085 506 3148 quamquam
538 3063 616 3128 haut
647 3062 781 3128 dixerim
815 3063 902 3146 pisce
940 3064 1100 3130 saniorem

145 3178 177 3239 et
200 3175 318 3238 bovem
341 3172 374 3235 in
397 3170 544 3235 faucibus
568 3173 749 3253 portantem
772 3189 843 3234 rore
867 3171 959 3253 pasci
984 3177 1016 3238 ct
1028 3173 1100 3255 plus

143 3280 206 3346 olei
238 3281 408 3344 absumere
440 3295 536 3358 quam
566 3275 632 3340 vini
663 3273 804 3357 nihilque
842 3276 1002 3343 insumere
1039 3278 1101 3345 nisi

143 3393 281 3452 noctem.
307 3385 379 3450 olco
403 3383 655 3465 tranquilliorem
680 3388 712 3450 ct
726 3387 831 3451 terrae
849 3404 929 3450 onus
946 3404 1099 3452 essenon

145 3499 194 3561 ost
224 3512 340 3583 meum,
372 3510 565 3580 quamquam
593 3491 678 3561 iutra
707 3512 815 3559 meam
845 3491 1016 3560 cuticulam
1046 3511 1099 3565 mo
