2498 4178
991 411 1053 526 te

76 649 169 716 pere,
193 626 378 710 liquamine,
403 645 551 691 caroeno.
575 624 608 689 in
631 622 722 688 isicio
744 619 900 703 includes,
926 638 967 685 ex
988 616 1034 684 hi·

77 719 219 802 drogaro
245 735 364 799 coques
388 720 420 782 et
441 713 569 780 inferes.

145 806 200 871 45.
224 806 513 886 Hidrogarata
534 799 665 867 isicia
690 797 866 864 sicfacies:
890 793 1035 880 terespi·

76 915 148 980 per,
172 893 354 976 ligisticum‚
378 892 528 975 piretrum
551 888 723 968 minimum,
747 887 911 953 suffundas
934 887 1035 966 liqua-

76 1004 163 1064 men,
196 1002 314 1064 aquam
343 979 547 1047 cisterninam
569 978 645 1043 dum
668 975 837 1058 conducet,
871 973 1035 1042 exinanias
1095 999 1098 1004 ·

76 1073 110 1138 in
134 1073 277 1138 caccabo
309 1075 341 1136 et
372 1088 443 1135 cum
472 1067 562 1132 isicio
586 1066 628 1132 ad
651 1084 805 1148 vaporem
827 1065 910 1147 ignis
933 1079 1036 1148 pones

79 1166 112 1228 et
137 1160 245 1226 caleat
268 1157 369 1225 etsie
393 1155 587 1231 sorbendum
608 1152 737 1220 inferes.

148 1249 201 1314 46.
226 1249 273 1312 In
295 1246 425 1312 isicia
449 1244 499 1310 de
521 1244 653 1327 pullo:
687 1241 750 1307 olei
771 1241 857 1308 floris
880 1240 934 1308 lib.
950 1241 976 1307 1.
999 1237 1036 1306 li·

79 1337 240 1420 quaminis
264 1335 468 1417 quartarium,
491 1332 612 1415 piperis
626 1331 831 1397 semunciam.

106 1463 108 1467 ¹
147 1427 201 1491 47.
226 1424 362 1490 Aliter
385 1422 434 1488 de
464 1422 598 1505 pullo:
630 1419 751 1503 piperis
783 1440 887 1503 grana
912 1416 1035 1485 XXXI.
1071 1468 1073 1472 .

81 1519 240 1596 conteres,
272 1510 370 1578 mittis
392 1509 572 1594 liquaminis
597 1508 709 1594 optimi
733 1509 876 1592 calicem,
907 1504 1038 1574 caroeni

354 414 363 428 μ
408 462 468 523 Lib.
487 464 521 521 11
559 460 716 534 Sarcoptes
787 453 789 460 '

83 1707 166 1763 minis
190 1705 252 1761 hira
276 1711 306 1762 et
328 1702 397 1757 hille
417 1708 536 1758 vocatur
590 1718 676 1771 quore
693 1705 737 1759 oui
751 1704 1038 1761 medioaevonomen

81 1778 263 1848 apraeoipuo
281 1775 475 1831 intestinorum
492 1775 535 1829 cui
588 1774 695 1834 medus,
707 1776 809 1839 medo„
819 1777 909 1831 mecla.
921 1775 954 1830 oi.
966 1775 1037 1831 Plin.

81 1865 186 1905 nomen
199 1848 275 1910 hira·
288 1850 375 1912 νῆστις
393 1846 487 1914 (Orell.
498 1847 535 1901 acl
590 1846 632 1913 14,
660 1848 717 1900 113.
744 1847 803 1902 Col.
830 1849 935 1910 1239.
954 1848 1038 1916 inpri-

81 1920 193 2005 Arnob.
213 1921 240 1982 2,
258 1918 303 2002 42.
319 1933 347 1985 p.
364 1917 405 1970 66.
416 1917 470 2001 iil.)
490 1917 535 1972 vel
588 1917 640 1971 mis
660 1918 702 1980 12,
723 1919 764 1971 12.
785 1934 846 1974 oum
865 1918 1037 1974 Schneid.-

79 2004 227 2119 rtlttll
242 1987 534 2126 Effiulldtiltlil
589 1987 1036 2128 :trituraturis

78 2138 189 2203 septem
216 2130 297 2186 codd.
326 2146 377 2198 pro
403 2129 533 2200 hydro·
587 2137 653 2184 runt
671 2131 869 2193 „survendum
905 2132 1038 2186 subruen-

78 2219 177 2274 garo.
194 2232 225 2239 -
247 2218 288 2256 ex
306 2200 372 2256 hid.
393 2216 461 2254 corr.
481 2216 532 2268 pro
586 2200 666 2254 dnm“
694 2207 723 2257 et
745 2203 833 2269 prima
852 2201 941 2255 forma
958 2199 1037 2256 verbi

79 2280 119 2331 et
137 2273 209 2328 hid.
230 2272 265 2326 of.
285 2272 328 2325 68.
353 2273 394 2326 sic
417 2269 484 2336 ictu
505 2270 533 2321 ἐκ
586 2272 699 2330 sorbere
730 2272 776 2327 vel
810 2273 924 2330 sorbere
952 2271 1038 2327 fnisse

80 2347 180 2410 ζωμοῦ,
206 2343 340 2410 ἧψημίνος
375 2341 400 2402 ἐξ
432 2341 532 2400 ὕδατος.
585 2342 697 2398 videtur
732 2343 878 2406 subruere.
915 2357 1036 2412 surpere.

78 2414 224 2471 inlares
262 2428 332 2468 corr.
362 2428 414 2481 pro
441 2413 532 2468 infe·
586 2414 659 2489 unde
685 2413 792 2482 hispan.
822 2413 935 2484 ohupar,
969 2412 1035 2483 gall

78 2503 136 2543 res
155 2485 199 2538 42.
541 2502 545 2515 ·
585 2500 678 2553 super,
696 2483 844 2541 schlurt'en.

133 2557 172 2611 ad
191 2555 234 2609 45.
259 2552 470 2624 pyrethrum
490 2554 533 2610 eu.
641 2555 678 2609 ad
696 2556 739 2610 46.
765 2557 796 2608 ln
815 2572 865 2610 sex
884 2555 965 2611 codd.
984 2555 1037 2610 in-

77 2644 119 2698 pr.
140 2627 175 2681 Η.
199 2627 237 2681 ati
259 2627 317 2679 181.
355 2655 376 2663 -
403 2625 534 2680 condu-

78 2703 140 2755 cet
159 2698 229 2752 satis
239 2697 301 2759 erit,
318 2696 452 2764 competit
464 2713 533 2751 corr.

77 2786 131 2840 pro
151 2767 533 2823 inducetinduocsed.

77 2857 119 2910 pr.
140 2839 343 2894 raduoetn.
374 2837 414 2890 sic
438 2838 535 2892 inest

78 2926 142 2968 eon
158 2911 212 2964 256
231 2907 371 2962 inferes
384 2908 534 2976 aliquoties

78 2980 169 3037 conf.
183 3011 214 3019 -·
230 2979 341 3033 isicia
360 2979 442 3032 codd.
462 2986 533 3033 tum

76 3054 124 3107 is.
146 3051 190 3106 ed.
211 3067 252 3120 pr.
271 3051 305 3103 Η.
325 3065 381 3103 non
398 3051 479 3105 male.
500 3080 532 3088 —

77 3137 172 3191 aqua
199 3121 413 3181 alstemus,
439 3137 455 3174 e
479 3135 533 3190 qua

77 3189 530 3260 mMfflQfflffiu

77 3264 122 3319 ecl.
142 3262 211 3316 Ald.
231 3261 341 3331 palmae
366 3268 530 3329 coquuntur,

77 3340 122 3390 est
141 3348 217 3401 aqua
236 3331 366 3387 coelestis
385 3339 466 3386 vetus
483 3347 530 3385 va·

77 3405 116 3459 sis
142 3405 259 3464 inclusa,
285 3403 312 3457 in
339 3403 399 3456 sole
426 3404 529 3473 posita,

77 3477 212 3544 eliquata,
237 3475 319 3529 melle
343 3473 470 3527 immixto
492 3475 530 3528 ad

76 3561 191 3614 passum
205 3551 381 3612 praeparata,
401 3541 529 3612 ὑδρόμελι,

78 3617 179 3680 mulsa,
205 3615 393 3684 comparanda
415 3630 477 3670 cum
499 3615 531 3670 li·

588 2625 684 2682 feres
703 2628 735 2680 in
756 2627 881 2682 esicia.
902 2626 1036 2694 Topul·

587 2697 621 2753 lo
642 2699 711 2764 (sive
729 2699 827 2765 pulo)
846 2699 912 2754 ole.
932 2698 960 2751 in
976 2712 1041 2766 par.

588 2769 706 2823 esioia
725 2768 766 2824 de
784 2770 894 2836 pullo.
913 2768 948 2822 in
967 2767 1037 2824 esi·

588 2840 643 2893 cia
670 2846 707 2893 to
736 2839 844 2906 pullo.
874 2840 915 2894 de
944 2839 1034 2894 oleo.

587 2911 614 2963 in
643 2910 686 2964 ed.
715 2925 756 2976 pr.
792 2911 825 2963 in
859 2911 966 2964 isicia
994 2908 1036 2962 de

586 2980 688 3048 pullo
712 2980 822 3034 lolae.
849 2996 883 3034 ex
903 2995 953 3034 sno
973 2978 1034 3032 cod.

586 3050 661 3105 olei
688 3051 743 3103 iam
771 3065 840 3103 corr.
870 3050 952 3105 Hum.
981 3064 1034 3116 ego

587 3122 651 3175 olim
679 3121 713 3174 in
741 3120 894 3175 isiciato
931 3119 1034 3189 pullo

587 3207 767 3246 correxeram.
794 3193 961 3259 compositio
980 3206 1036 3244 non

585 3264 696 3330 integra
714 3261 825 3317 videtur
841 3270 870 3318 et
888 3266 916 3315 in
931 3261 1035 3324 multis,

583 3349 673 3402 neque
692 3334 780 3388 minus
799 3335 843 3387 47.
860 3335 902 3387 48.
923 3347 1035 3399 corrup-

583 3410 620 3457 ta.
651 3434 684 3443 -
714 3405 898 3459 semuncia
925 3409 955 3458 et
981 3418 1035 3456 se·

582 3475 738 3529 minucia
758 3475 839 3530 codd.
859 3476 903 3528 35.

637 3545 738 3600 2147.
764 3547 806 3600 al.
832 3561 872 3600 ex
895 3543 1033 3612 pusillo

584 3615 651 3684 pip.
689 3620 724 3666 cx
753 3617 800 3684 qui
827 3616 862 3670 49
890 3614 1033 3684 ,‚pusillis“
