2498 4178
377 428 436 482 Lib.
450 427 485 487 V.
514 428 645 497 Ospreos.
956 430 1018 494 109

65 605 205 669 porrum,
238 585 448 669 coriandrum,
480 587 611 653 coliclos
641 586 825 653 malvarum.
859 586 933 651 dum
965 608 1017 652 co-

67 674 180 757 quitur,
212 681 298 740 teres
329 675 431 759 piper,
463 675 645 758 ligisticum,
678 675 855 757 origanum,
888 675 1019 740 feniculi

28 804 32 808 -
66 782 188 843 semen,
213 763 368 848 suffundis
390 764 551 846 liquamen
575 770 607 829 et
629 764 747 830 vinum.
779 764 812 827 in
833 766 1017 845 caccabum,

66 849 189 916 adicies
213 852 326 916 oleum.
352 871 424 917 cum
446 851 608 934 fervnerit,
633 853 749 934 agitas.
782 853 886 918 oleum
917 851 1029 922 viride,

65 939 200 1023 insuper
221 939 317 1004 mittis
342 946 373 1004 et
395 939 523 1005 inferes.

134 1029 207 1093 202.
240 1023 599 1112 Oonciclam'jcum
629 1027 745 1093 faba:
777 1048 904 1110 coques.
934 1035 1018 1096 teres

66 1115 168 1199 piper,
192 1114 374 1198 ligisticum,
400 1117 558 1198 cirninum,
590 1115 791 1182 coriandrum
822 1116 924 1183 viride
954 1117 1017 1182 suf-

65 1202 173 1269 fundis
195 1205 369 1287 liquamen,
394 1205 473 1291 vino=
488 1212 520 1270 et
533 1205 704 1287 liquamine
720 1206 924 1288 temperabis.
949 1207 1017 1270 mit-

65 1292 106 1357 tis
129 1292 162 1357 in
186 1295 371 1374 caccabum,
404 1293 528 1359 adicies
555 1295 670 1361 oleum.
696 1295 782 1359 lento
805 1294 872 1376 igni
895 1294 1019 1360 ferveat

65 1386 98 1445 et
120 1378 250 1447 inferes.
927 1427 930 1432 -

133 1470 208 1537 203.
241 1469 476 1536 Conciclam
507 1469 761 1554 apicianam:
791 1468 934 1554 accipies
965 1490 1018 1537 cn·

64 1577 194 1623 manam
217 1558 369 1624 mundam
392 1559 446 1626 ubi
470 1578 589 1641 coques
619 1559 733 1643 pisam,
766 1557 818 1624 cui
847 1560 944 1625 mittis
972 1561 1017 1625 lu-

66 1647 195 1712 canicas
220 1647 377 1729 concisas,
401 1647 526 1713 isiciola
548 1648 689 1732 porcina.
710 1648 827 1731 pulpas
841 1649 1015 1731 petasonis.

65 1741 149 1809 teres
173 1735 275 1820 piper,
307 1736 490 1818 ligistieum,
522 1737 699 1818 origanum,
732 1742 870 1817 anetum,
903 1758 1018 1824 cepam

65 1823 194 1906 siccam,
220 1824 420 1890 coriandrum
443 1824 554 1907 viride,
584 1823 740 1890 suffundis
771 1825 943 1908 liquamen,
972 1825 1017 1891 vi·

64 1932 140 1977 num
164 1918 195 1978 et
218 1913 389 1995 liquamine
412 1913 613 1997 temperabis.
646 1913 743 1978 mittis
773 1913 807 1977 in
838 1933 1016 1996 cumanam,

64 2000 117 2066 cui
140 2000 263 2067 adicies
287 2002 402 2084 oleum,
426 2001 543 2088 pungis
566 2002 683 2083 ubique
714 2007 748 2065 ut
771 2002 922 2068 conbibat
953 2002 1017 2068 ole-

64 2109 126 2155 um.
150 2089 218 2172 igni
241 2091 327 2155 lento
353 2111 471 2175 coques
494 2091 539 2156 ita
562 2096 596 2154 ut
618 2090 743 2156 ferveat
766 2097 797 2156 et
819 2090 948 2158 inferes.

49 2246 169 2302 varios.
188 2246 259 2302 Plin.
279 2248 322 2312 21,
350 2249 391 2302 19.
417 2248 513 2304 Dioso.
570 2248 613 2303 eui
639 2246 767 2302 valvulae
792 2253 919 2303 exemtae
944 2261 1017 2311 sunt,

64 2318 90 2381 2,
120 2316 179 2370 144.
214 2318 346 2381 turioneS,
380 2319 514 2388 πτόρθους
569 2318 675 2375 Colum.
704 2320 730 2382 6,
749 2319 793 2381 31,
824 2320 846 2371 l.
873 2320 898 2381 6,
923 2319 965 2387 10,
992 2321 1017 2374 1.

64 2387 210 2456 Aristoph.
235 2388 309 2443 Plut.
334 2389 394 2442 544.
421 2420 454 2427 -
479 2391 514 2445 in
568 2405 653 2458 quare
672 2390 734 2458 pisa
751 2405 802 2457 pro
820 2388 943 2445 concicla
962 2390 1017 2444 dici

65 2459 255 2514 caccabum
274 2460 512 2514 mittes202.-
566 2466 662 2529 potest
680 2462 740 2514 203.
760 2461 821 2515 205.
856 2459 889 2515 cf.
917 2461 1015 2529 depisa

64 2531 182 2599 agitas
202 2531 335 2599 coagitas.
357 2530 407 2570 -'
567 2532 627 2585 204.
648 2530 781 2586 lenticula
800 2532 844 2585 cui
863 2533 1017 2587 contende-

117 2601 155 2654 ad
173 2602 234 2655 202.
254 2602 420 2656 conciola
439 2618 512 2656 cum
567 2608 657 2656 tracta
681 2608 767 2670 atque
787 2603 871 2656 etiarn
891 2601 1017 2658 farinae

64 2670 156 2733 faba,
175 2672 199 2725 si
217 2671 294 2726 locus
313 2673 416 2736 salvus,
435 2673 512 2729 vide-
566 2673 699 2727 lenticula
732 2673 846 2727 Graecis
877 2674 890 2723 ὁ
916 2676 1017 2730 fratrea

63 2747 109 2796 tur
127 2742 226 2807 solida,
246 2745 356 2812 integra
375 2756 436 2798 cunr
452 2759 511 2798 cor·
567 2744 679 2807 dicitur,
697 2743 760 2812 puls
780 2745 947 2811 expisisvel
959 2744 1017 2800 len·

63 2813 119 2868 tice
137 2828 188 2869 suo
208 2814 333 2876 decocta,
353 2814 445 2869 sehale
460 2815 512 2868 mit
565 2814 659 2869 ticula.
679 2813 833 2883 Schweigb.
853 2816 891 2869 ad
909 2815 1016 2870 Athen.

64 2883 227 2948 derbohne,
246 2884 426 2946 schalbohne,
447 2902 511 2939 con·
563 2887 589 2947 3,
614 2887 656 2939 89.
676 2902 702 2953 p.
726 2886 787 2939 337.
812 2901 863 2953 pro
889 2888 1012 2941 conci-

63 2954 134 3009 cicla
152 2971 202 3010 son
227 2957 368 3010 concicula
387 2957 510 3010 Marcelli
564 2957 655 3011 clam
693 2955 721 3010 C.
768 2954 874 3010 Gesner
910 2957 1018 3010 mavult

62 3025 97 3079 33
107 3040 134 3093 p.
150 3026 209 3080 221.
230 3041 301 3095 qnae
321 3026 432 3081 conchis
451 3026 509 3094 κόγ-
564 3025 786 3081 conchidem.
805 3026 886 3079 Hom.
905 3028 1017 3096 scripsit

60 3115 119 3162 χος,
153 3112 213 3151 curn
247 3095 314 3151 faba
344 3098 438 3151 iuncta
465 3113 509 3165 ap.
566 3095 792 3152 conchiclam
826 3104 855 3151 et
882 3098 1017 3166 interpre-

61 3165 166 3222 Athen.
199 3168 225 3231 4,
255 3168 297 3222 50.
325 3168 360 3223 de
386 3184 441 3237 qua
468 3173 512 3223 est
566 3166 899 3224 taturfabamconchin.
921 3169 1017 3222 -li-

10 3293 11 3296 ,
62 3236 202 3292 distichon
238 3238 374 3293 Martialis
413 3240 455 3302 13,
487 3240 512 3302 1,
567 3254 717 3307 quamen
735 3240 769 3293 in
788 3255 826 3295 ea
846 3240 927 3295 codd.

63 3307 125 3362 coll.
145 3308 171 3371 5,
189 3310 233 3363 39.
246 3311 271 3372 7,
291 3311 332 3363 18.
352 3310 474 3364 Iuvenal.
485 3311 511 3373 3,
619 3311 657 3364 ad
670 3312 731 3365 203.
750 3310 862 3378 pisum
882 3311 962 3366 codd.
979 3308 1016 3364 ad

62 3378 121 3432 293.
143 3379 185 3442 14,
213 3380 272 3433 131.
298 3370 380 3435 fabae
403 3380 511 3435 follicu-
566 3383 626 3435 202.
648 3412 679 3418 -
700 3383 892 3450 petasonis
909 3382 1015 3439 exl94.

61 3447 136 3504 latae
164 3450 317 3518 opponitur
344 3449 434 3505 fracta
462 3467 511 3505 seu
565 3468 616 3520 pro
635 3459 861 3521 petasonem.
881 3485 913 3491 -
933 3469 1015 3521 pun-

62 3518 144 3583 fresa,
176 3521 247 3589 pisa,
275 3522 363 3589 pinea,
398 3523 510 3590 pinsita.
564 3524 620 3590 gis
645 3540 680 3578 ex
706 3523 787 3578 codd.
814 3531 842 3578 et
866 3524 926 3577 301.
954 3524 1015 3577 320.

61 3588 287 3662 ἄπολελεπισμένη,
324 3591 509 3657 talentorum«,
564 3594 642 3648 Hum.
658 3595 750 3649 obiter
766 3596 877 3663 scripsit
894 3610 1016 3663 perun·
