2498 4178
303 397 305 400 ’
402 444 463 501 nu.
483 444 515 501 11.
531 494 537 503 ,
552 413 713 514 Sarcoptcs.
938 471 941 475 -
989 436 1033 513 45

77 624 148 670 cum
187 604 307 670 habent
336 603 379 669 de
411 605 541 670 cuniclis
552 653 561 686 ‚
602 610 747 686 quartum
777 605 883 669 locum
913 603 1034 691 habent

77 691 119 758 de
149 692 259 775 pullis,
290 692 366 758 item
397 692 538 774 quintum
561 693 668 758 locum
689 692 811 758 habent
826 692 868 758 de
888 693 1031 776 porcello

77 785 199 845 tenero.

142 868 195 933 50.
220 867 354 934 Isicia
375 870 505 934 multa
528 868 575 933 ab
599 868 741 934 alieno
765 869 812 934 sic
834 867 954 936 facies:
985 874 1031 935 te-

75 976 127 1022 res
151 957 254 1040 piper,
278 956 458 1038 ligisticum,
483 956 660 1038 origanum,
683 955 842 1022 modicum
866 956 936 1038 silfi,
962 957 1031 1040 gin·

76 1045 167 1126 giber
190 1045 362 1124 minimum,
392 1045 494 1109 mellis
517 1043 687 1109 modicum.
711 1044 883 1125 liquamine
907 1051 1030 1128 tempe·

47 1159 53 1168 ‘
75 1133 172 1214 rabis,
196 1132 322 1213 misces,
348 1132 471 1199 adicies
490 1151 586 1215 super
604 1132 704 1198 isicia.
729 1131 830 1198 facies
845 1139 880 1197 ut
895 1131 1029 1200 ferveat.

76 1240 148 1286 cum
171 1222 254 1286 bene
278 1219 426 1303 bullicrit,
452 1222 557 1286 amolo
581 1221 707 1302 obligas
729 1220 834 1303 spisso
852 1227 883 1287 et
898 1223 1029 1288 curbon-

42 1354 46 1363 »
76 1308 151 1374 dum
173 1307 303 1375 inferes.

142 1397 195 1463 51.
217 1397 329 1461 Amol
342 1415 400 1460 um
417 1394 560 1460 aliter:
585 1395 678 1479 piper
693 1401 778 1461 teres
793 1395 897 1479 pridie
910 1395 1029 1481 insusu,

76 1483 126 1550 cui
144 1484 284 1549 subinde
306 1485 468 1566 liquamen
498 1483 664 1549 suffundes
687 1484 733 1549 ita
761 1491 795 1549 ut
817 1486 901 1550 bene
924 1485 1031 1550 tritum

75 1593 114 1639 ac
136 1573 323 1639 lutulentum
352 1572 456 1638 facias
484 1571 673 1656 piperatum.
707 1571 758 1638 cui
782 1571 951 1639 defrictum
975 1572 1030 1638 ad·

77 1661 182 1728 miscis
206 1661 293 1744 quod
315 1660 350 1726 fit
373 1661 414 1726 de
438 1660 584 1743 cotoniia
617 1660 705 1743 quod
730 1661 867 1727 Romani
891 1663 1030 1728 colorem

75 1835 133 1946 gfff
145 1819 336 1944 θιξὲοἰὲἰοηθ,
348 1833 462 1874 accessa
479 1833 524 1888 ap.
579 1846 612 1856 -
631 1818 856 1943 surbssndumf
866 1817 909 1872 45.
940 1815 1028 1874 inlo-

76 1907 181 2016 donlrlini
199 1905 352 2016 eccllelsialdls
353 1902 525 2016 &1³:3fo
578 1904 1026 2029 resadxbl.'id)d?1sdrc{sfl·pro

75 2060 111 2071 -
135 2031 292 2086 fasianis
319 2033 362 2085 it.
389 2035 416 2085 t.
441 2030 466 2083 l.
491 2029 523 2084 h.
577 2029 1028 2086 infusi43.-lutulentum

76 2101 115 2157 de
133 2117 195 2156 cum
214 2102 257 2156 ed.
277 2119 318 2170 pr.
334 2101 465 2156 omittunt
483 2098 523 2168 γδ.

76 2201 106 2210 -
134 2172 318 2227 cuniculis
345 2173 440 2240 vulgo.
475 2171 524 2225 ci·

74 2242 218 2297 nuculis
247 2241 305 2293 <lta
336 2242 474 2297 cenaculis
503 2242 523 2300 i.

75 2313 174 2367 cinulis
192 2332 214 2379 y.
234 2313 263 2367 id
281 2313 383 2367 animal
395 2320 425 2368 et
439 2313 523 2369 Grae·

74 2383 115 2437 618
134 2383 280 2437 dicebatur
297 2383 417 2444 κόναλος,
440 2382 523 2434 nodva·

74 2455 140 2514 κλος,
159 2455 329 2512 κοννίκουλος.
353 2451 388 2508 ef.
407 2454 477 2508 Plin.
497 2454 522 2515 8,

75 2524 135 2578 217.
146 2525 247 2579 Iacche
256 2524 294 2579 ad
303 2525 414 2578 Aelian.
427 2525 468 2586 13,
480 2524 523 2578 15.

128 2594 218 2649 ad50.
238 2595 281 2649 ab
300 2595 422 2650 alieno
441 2595 522 2648 Hom.

73 2679 129 2718 non
173 2665 305 2720 concoxit
341 2671 370 2720 et
410 2665 523 2732 scripsit

73 2736 240 2790 amulata.
275 2736 299 2790 si
329 2734 523 2804 corrigendum

74 2812 157 2870 esset.
175 2807 324 2864 scriberem
346 2806 387 2860 ab
406 2805 522 2859 aheno

74 2876 92 2930 i.
111 2893 135 2932 o.
161 2894 226 2933 vom
251 2876 344 2932 kessel
364 2893 434 2944 weg,
459 2875 522 2931 kes-

73 2946 226 3003 selwarme.
237 2950 353 3003 caedem
363 2963 447 3003 voces
457 2962 522 3003 con·

73 3014 522 3073 fusae420.-bullicritvcl

73 3086 253 3144 bulluerit
277 3097 309 3142 ut
326 3090 354 3143 in
372 3104 431 3157 par.
450 3088 522 3143 latet

72 3155 521 3228 inadpaetyduuvoluorit,

579 2117 613 2155 ex
631 2101 694 2155 cod.
706 2100 778 2155 hum.
789 2118 841 2170 pro
851 2101 960 2156 lucul.
971 2118 1028 2157 non
1097 2131 1100 2136 Δ

579 2187 645 2226 vero
670 2177 714 2226 est
742 2177 877 2240 „spissum
902 2178 932 2226 et
956 2187 1029 2227 cras·

577 2247 666 2305 sum“.
684 2241 734 2296 sed
753 2243 866 2304 luteum,
884 2241 1029 2307 luteolum

578 2312 705 2374 letalem,
732 2312 854 2367 lutosum
882 2329 926 2381 ap.
955 2312 1027 2367 Stat

577 2383 638 2437 silv.
656 2383 681 2446 4,
691 2384 717 2446 9,
727 2384 769 2437 39.
790 2382 1029 2438 coloremhabcns

577 2452 629 2507 luti
647 2453 664 2507 1.
684 2469 708 2508 e.
728 2454 844 2509 resedac
864 2454 988 2509 luteolae
997 2454 1028 2508 L.

577 2524 618 2578 sie
629 2523 836 2579 asimilitudine
853 2524 955 2579 coloris
969 2523 1030 2579 auri

576 2593 686 2662 hispani
705 2594 781 2648 aliud
799 2595 841 2649 ius
859 2594 960 2649 dicitur
974 2594 1034 2649 cal·

577 2662 660 2718 licum
680 2665 741 2718 275.
760 2665 821 2719 416.
842 2665 903 2719 446.
924 2665 1029 2733 simpli·

578 2735 646 2789 citer
666 2735 802 2790 colorium
823 2736 882 2789 115.
903 2766 935 2774 —
959 2735 1030 2792 alte·

577 2822 637 2860 rum
656 2805 714 2859 cui
733 2812 777 2861 cst
795 2805 813 2859 i.
825 2821 851 2875 q.
868 2805 977 2861 scilicet
995 2805 1029 2861 e'u

577 2874 612 2930 el.
631 2877 655 2929 3.
676 2876 718 2928 64.
739 2907 772 2913 -
789 2882 970 2931 cotoneorum
981 2875 1028 2931 de·

576 2945 678 3000 trulum
709 2945 793 3000 hodie
823 2946 851 2999 in
882 2945 965 3000 Italia
984 2959 1029 3000 co·

577 3021 697 3134 toffnnto
707 3023 833 3077 vocatur,
846 3015 913 3069 olim
927 3029 1029 3084 graece

576 3106 607 3136 κυ
625 3085 733 3150 aalma
758 3086 853 3140 Diosd.
879 3085 905 3149 5,
931 3086 974 3141 29.
1000 3090 1030 3140 66

576 3171 653 3225 sapa.
662 3171 760 3224 sapam
772 3157 916 3212 meliorem
923 3154 1030 3211 faciunt

73 3227 136 3284 eod.
154 3232 174 3293 β
191 3230 363 3292 boluerit,
382 3229 435 3288 etl
448 3228 521 3283 bol·
577 3228 700 3298 cydonia
718 3228 799 3282 simul
810 3233 900 3291 cocta,
919 3226 1028 3281 Pallad.

72 3299 186 3356 lierit
207 3298 241 3354 cf.
253 3301 312 3354 153.
324 3300 521 3353 1711239248.
578 3302 621 3363 11,
642 3299 685 3361 18,
695 3299 721 3353 2.
742 3298 854 3366 saepius
873 3296 1028 3368 cydoniae,

72 3370 133 3426 334.
160 3371 222 3426 365.
252 3401 285 3409 -
313 3369 462 3424 amolum
492 3373 523 3438 (a
577 3369 678 3438 dequo
698 3369 880 3432 idemll‚20.
901 3383 935 3424 ea
954 3367 1029 3421 mala

73 3441 170 3509 mola),
195 3441 349 3511 amylum
374 3446 403 3495 et
427 3454 522 3495 amu·
576 3439 622 3495 vel
648 3456 743 3497 eorum
770 3440 879 3508 species
906 3437 942 3493 ab
970 3437 1027 3508 Ap.

72 3513 142 3568 lum
155 3513 270 3583 (apula)
289 3519 321 3567 ut
347 3512 376 3566 in
406 3510 524 3566 aliorum
577 3519 714 3565 vocantur
738 3511 851 3564 colonia
875 3514 908 3563 ut
934 3523 952 3562 a
976 3504 1027 3564 (la-

72 3583 151 3645 libris
178 3585 219 3640 sio
243 3586 272 3640 ln
296 3583 399 3639 nostris
425 3583 522 3637 variat
578 3588 646 3637 tone
667 3583 691 3645 7,
709 3583 726 3635 3
746 3581 879 3652 (Macrob.
898 3585 951 3634 sat.
966 3580 991 3645 7,
1002 3580 1028 3647 6,
