2498 4178
429 458 503 537 lib.
520 459 541 517 1,
578 456 726 526 Epimolcs.
1019 455 1063 524 35

110 627 143 686 et
172 618 356 702 conpositas
383 617 502 702 perdes
532 608 646 682 mirtae
680 617 770 683 bacis
801 636 873 683 cum
905 617 1000 682 melle
1031 622 1064 681 et

109 712 212 776 aceto.
259 706 376 772 Aliter:
409 705 522 788 senapi
544 710 698 787 tempera,
730 706 835 786 melle,
866 711 970 786 aceto,
993 704 1063 770 sale

108 801 142 862 ei
164 813 260 879 super
283 794 466 877 conpositas
489 813 585 876 rapas
607 792 749 860 infunde.

177 884 229 948 25.
253 882 415 948 Tubera
434 887 475 945 ut
494 881 564 946 diu
583 888 827 951 serventur:
848 883 962 948 tubera
979 900 1063 963 quac
1118 925 1132 943 .

109 966 194 1053 aquis
216 991 279 1038 non
301 971 489 1036 vexaverint
508 970 664 1052 conponis
679 970 712 1034 in
727 990 784 1036 vas
800 970 942 1050 alternis,
965 971 1061 1035 alter-

109 1057 1061 1141 nisscobemsiocammittisetgipsasetlocofrigidopones.

176 1148 230 1213 26.
254 1145 705 1229 Duracinapersieaut
724 1145 795 1211 diu
815 1145 981 1226 durent:
1006 1144 1062 1212 eli·

67 1306 75 1322 „
110 1235 176 1317 gito
200 1236 320 1320 optima
343 1240 375 1301 et
397 1234 485 1299 mitte
507 1234 541 1299 in
563 1233 706 1315 muriam,
730 1240 859 1318 postero
883 1234 937 1300 die
957 1235 1063 1317 exime

110 1329 142 1390 et
163 1323 369 1407 spongizabis
393 1322 563 1405 diligenter
587 1327 619 1388 el
641 1324 814 1390 collocabis
836 1323 870 1388 in
893 1342 961 1403 vas,
992 1322 1063 1388 fun·
1121 1407 1123 1410 Α

110 1409 168 1478 des
190 1413 300 1493 salem,
323 1417 459 1491 acetum,
483 1411 663 1478 satureiam.

177 1502 231 1567 27.
266 1499 413 1567 Olivas
442 1498 606 1566 virides
636 1520 810 1568 servare
839 1505 882 1565 ut
911 1500 1063 1582 quovis

110 1593 300 1675 tempore
323 1589 458 1655 oleum
480 1586 635 1661 facias:
660 1590 761 1654 olivas
785 1588 826 1655 de
850 1590 965 1656 arbore
989 1591 1062 1675 sul)-

110 1677 192 1743 laias
221 1677 255 1743 in
283 1677 362 1743 illud
390 1676 487 1743 mittis
511 1682 544 1742 et
566 1683 657 1743 erunt
678 1679 760 1745 tales
784 1677 896 1760 quovis
918 1682 1064 1762 tempora

112 1766 203 1848 quasi
225 1786 300 1831 mox
323 1765 364 1831 de
388 1768 503 1852 arbore
526 1764 723 1851 redemptae.
749 1765 791 1832 de
814 1766 939 1848 quibus,
963 1767 990 1831 si
1009 1785 1063 1832 ro·

111 1855 218 1934 lueris,
243 1857 350 1920 oleum
372 1854 475 1920 viride
498 1853 610 1922 facies.

179 1944 231 2010 28.
254 1943 468 2024 Damascena,
497 1941 642 2024 dactilos,
667 1961 745 2007 uvas
768 1961 893 2026 passas,
917 1948 1068 2024 granata,

112 2101 358 2161 dicorumvoxest
371 2106 468 2156 exacte
481 2116 559 2170 prae·
666 2099 704 2154 ad
723 2101 766 2154 27.
785 2100 819 2154 in
844 2100 939 2154 illud
958 2100 1060 2156 oleum.

111 2171 559 2241 pararc‚aur·ichtcn(Muetzellad
614 2185 664 2226 eac
688 2171 780 2226 olivae
806 2169 869 2225 olco
897 2186 947 2225 sno
975 2185 1062 2238 purae

112 2242 188 2298 Curt.
203 2245 340 2308 3‚13,1‘2)
360 2249 389 2297 et
407 2257 560 2312 coquorum
615 2256 686 2311 quae
716 2242 844 2295 innatant
881 2240 1062 2310 colymbades

111 2328 242 2384 purgare,
266 2320 298 2367 ut
317 2313 444 2368 dixerunt
463 2328 559 2369 curare
614 2313 694 2381 quasi
712 2318 785 2375 sunt.
813 2311 884 2365 Plin.
905 2313 947 2375 15,
968 2312 1009 2365 16.
1030 2341 1063 2349 -

40 2402 57 2418 ·⁴
112 2389 213 2447 cutem,
232 2384 326 2448 vitem,
347 2399 411 2437 nam
429 2384 493 2439 inda
513 2383 560 2439 de·
614 2383 762 2438 viridem
786 2382 840 2437 hoo
862 2381 925 2438 loco
951 2386 983 2436 ut
1001 2380 1064 2436 aliis

112 2454 219 2508 rivatur
236 2453 343 2522 hispan.
357 2470 476 2518 escurar,
500 2453 559 2508 ital.
613 2453 724 2522 plurimi
748 2453 823 2522 iique
850 2451 949 2520 optimi
982 2451 1064 2513 codd

113 2539 243 2649 agnusue,
269 2525 346 2608 gall..
362 2527 457 2580 dourer
481 2540 560 2581 saeu·
614 2530 710 2649 {lenens
734 2523 983 2647 ultst‘0frissandnim
1002 2523 1066 2646 vir}-

62 2601 560 2734 *prgliqupjgng-'muroe
615 2601 797 2726 illailla
817 2609 1066 2721 salinaria-2.

167 2736 254 2791 adro.
267 2737 490 2805 vexaverity.
499 2735 561 2793 edd.
618 2738 712 2801 „iecur
731 2740 811 2792 eum“
830 2735 873 2790 40.
899 2735 1067 2804 „coagulum
1086 2765 1090 2772 ·

114 2821 195 2862 usum
221 2807 300 2861 verbi
327 2823 383 2861 uon
411 2809 562 2876 capientes.
616 2813 696 2863 eum“
722 2806 783 2861 304.
809 2822 964 2878 oxygarum
991 2806 1068 2875 digc-

76 2930 79 2935 .
114 2876 248 2946 Pelagon.
270 2877 312 2931 14.
337 2877 374 2933 in.
401 2894 480 2943 „oum
499 2877 563 2946 equi
617 2878 739 2935 stibilem
757 2877 801 2932 35.
821 2893 896 2933 mare
915 2876 1068 2933 ferventem

115 2946 295 3018 vexaverint·‘
314 2949 332 3002 i.
343 2964 370 3016 q.
384 2948 496 3012 „vexati
506 2947 564 3005 lue·
619 2963 663 3017 ap.
682 2946 769 3002 Aeth.
794 2947 856 3002 Istr.
876 2949 920 3002 66.
946 2946 1069 3010 „undan-

115 3018 196 3073 rinu‘.
221 3018 262 3072 sie
286 3019 315 3073 vi
339 3017 471 3075 reflexiva
489 3035 566 3073 usur·
620 3025 678 3075 tem
697 3018 803 3073 salum*
823 3033 867 3085 ap.
888 3015 1069 3071 aliosetsim.

114 3095 218 3158 pantur
236 3103 282 3156 ap.
301 3088 432 3145 Nostrum
451 3090 566 3144 miniare
619 3090 661 3144 sio
688 3088 776 3143 collus
805 3087 853 3155 (ad
881 3086 985 3154 Gargil.
1011 3102 1069 3140 cur.

116 3158 175 3214 sich
189 3157 361 3216 rothfa'rben
375 3160 417 3224 60,
432 3161 567 3223 colorare,
620 3160 705 3215 boum
726 3159 780 3220 10.)
808 3156 897 3213 vinus.
925 3156 981 3212 isto
1001 3162 1069 3212 tem·

116 3231 235 3294 mollire,
254 3246 374 3299 coquere
394 3232 453 3284 278.
621 3246 690 3299 pore
717 3244 805 3299 genus
832 3228 982 3283 multorum
1007 3226 1070 3283 sub-

169 3299 208 3356 ad
233 3301 275 3355 26.
302 3300 513 3370 sfungiabis
538 3306 567 3356 et
621 3299 806 3356 stantivorum
818 3299 952 3356 variabat.
964 3297 997 3353 cf.
1009 3297 1071 3353 Tei·

116 3371 263 3498 pphoug.
281 3372 363 3426 codd.
374 3367 499 3497 plraefixa
512 3371 568 3454 Ita·
621 3371 714 3496 pgl42in
732 3370 860 3496 Ζθὲῑέοὴν.
879 3368 898 3424 f.
910 3369 935 3424 d.
946 3367 1071 3425 Alterth.

116 3458 267 3641 ἓξὲξ
280 3450 509 3583 οῗοέἕὴοιιξῗὸαἷ.
527 3457 569 3566 ⁸cli⁰
675 3481 713 3566 ad
720 3459 775 3567 Ι28
795 3481 838 3567 est
857 3527 891 3567 ex
907 3509 1004 3566 codice
1017 3510 1072 3567 sal·

193 3602 218 3641 a.
623 3597 691 3638 mas.
