2498 4178
250 1066 417 1158 Incipit
439 1065 562 1158 Apici
585 1065 704 1136 Caeli
727 1064 937 1156 epimeles.

527 1210 606 1277 LIB.
632 1210 657 1278 1.

181 1373 209 1438 1.
235 1369 453 1438 conditum
470 1369 743 1457 paradoxum:
763 1367 893 1458 [conditi
909 1368 1068 1460 paradoxi

115 1458 304 1549 conpositio]
323 1459 426 1526 mellis
443 1465 555 1547 partes
567 1461 631 1526 XV
646 1460 680 1526 in
702 1480 838 1527 aeneum
850 1480 919 1526 uas
943 1459 1068 1528 mittun·

110 1556 160 1616 tur
189 1548 373 1636 praemissis
402 1548 467 1616 vini
490 1548 638 1616 sextariis
661 1549 797 1632 duobus,
826 1555 861 1615 nt
881 1549 915 1616 in
938 1555 1069 1635 coctura

110 1639 212 1707 mellis
243 1640 349 1704 vinum
380 1637 552 1720 decoquas.
586 1638 672 1723 quod
703 1639 771 1722 igni
799 1639 885 1706 lento
914 1644 947 1704 et
969 1639 1068 1716 aridis

112 1729 207 1811 lignis
240 1727 430 1794 calefactum
460 1733 640 1793 conmotam
667 1727 771 1794 ferula
803 1727 889 1816 [dum
913 1727 1067 1818 coquitur]

112 1818 139 1883 si
164 1817 319 1883 effervere
343 1816 496 1902 coeperit,
520 1815 586 1881 vini
610 1837 682 1883 rore
702 1817 914 1903 conpescitur,
940 1824 1068 1903 praeter
1108 1897 1110 1902 ¹

113 1906 197 1988 quod
218 1908 379 1972 subtracto
397 1906 464 1988 igni
483 1907 516 1969 in
535 1925 571 1970 se
589 1905 682 1972 redit.
704 1926 775 1972 oum
791 1905 982 1994 perfrixerit,
1002 1927 1067 1980 rnr-

112 2015 166 2060 sus
190 1994 387 2075 accenditur,
415 1993 477 2060 hoo
509 1995 651 2060 secundo
675 2017 714 2061 ac
736 1995 830 2061 tertio
852 1995 907 2061 fiet
940 2017 979 2062 ac
1002 2001 1068 2062 mm

113 2084 240 2150 demum
264 2090 420 2149 remotum
444 2083 556 2148 afocc
577 2083 730 2170 postridie
751 2083 967 2171 despumatur.
993 2090 1067 2151 tnnc

112 2173 234 2260 piperis
257 2193 330 2239 unc,
355 2173 431 2239 1111.
457 2171 583 2238 contriti
601 2173 743 2239 masticis
763 2173 920 2259 scripulos
936 2174 995 2242 ΙΙΙ,
1010 2172 1068 2240 soli

112 2269 145 2327 et
168 2261 254 2328 croci
271 2259 422 2344 dragmas
446 2261 588 2345 singulas
619 2261 807 2328 dactilorum
831 2262 955 2328 ossibus
978 2261 1067 2328 torri-

115 2350 165 2416 dis
190 2351 328 2434 quinque
351 2350 392 2416 iis
412 2349 550 2432 deniqne
572 2349 719 2438 [dactilis]
743 2351 817 2416 vino
839 2351 996 2434 emollitis,
1019 2351 1066 2418 in·

113 2438 299 2506 teroedente
331 2439 419 2525 prius
450 2439 624 2507 suffusione
655 2440 721 2506 vini
753 2439 794 2506 de
825 2458 883 2506 suo
907 2440 1004 2508 modo
1027 2461 1067 2511 ac

112 2548 245 2594 numero
269 2533 303 2593 ut
321 2529 432 2594 tritura
451 2530 533 2595 levis
550 2528 714 2595 habeatnr.
740 2528 788 2594 his
809 2529 954 2596 omnibus
973 2551 1066 2617 para·

10 2648 14 2655 ·
112 2619 153 2682 tis
176 2615 370 2704 supermittis
393 2617 458 2683 vini
481 2618 562 2684 lenIs
587 2618 743 2684 sextarios
766 2619 886 2686 XVIII.
910 2621 1066 2687 carbones

112 2706 258 2793 perfecto
282 2705 419 2772 aderunt
442 2706 506 2772 duo
531 2708 628 2774 milia.
1065 2709 1086 2751 Ν

167 2901 293 2957 Graecos
305 2901 402 2957 titulos
421 2902 564 2970 apudRo-
617 2901 670 2958 bos
689 2903 786 2957 condit
804 2908 833 2958 et
851 2904 946 2971 coquit
969 2909 998 2959 et
1017 2905 1066 2959 do·

113 2988 211 3028 manos
230 2973 258 3027 in
277 2989 328 3027 usu
347 2971 441 3036 fuisse,
461 2973 511 3028 sed
524 2973 564 3027 la·
618 2973 710 3028 minioi
725 2974 838 3041 palatus
850 2975 981 3029 subtilem
993 2975 1067 3029 noti·

113 3045 179 3099 tinis
199 3045 287 3098 literis
306 3049 445 3108 exaratos,
471 3050 563 3100 osten·
618 3045 685 3099 tiam
703 3044 807 3099 habere
824 3044 916 3108 debet,
930 3045 1005 3113 apud
1018 3044 1067 3100 Se·

112 3115 154 3172 dit
169 3115 263 3171 Osann
273 3114 404 3170 Analeot.
419 3115 485 3170 crit.
503 3131 525 3170 o.
536 3115 563 3169 4.
616 3131 677 3170 nec.
703 3131 745 3183 ep.
770 3116 815 3179 47,
838 3116 864 3171 6.
889 3146 922 3153 —
947 3116 1066 3172 mellis

111 3203 137 3255 p.
149 3188 191 3240 62.
212 3193 270 3241 not.
287 3189 310 3239 1.
330 3191 359 3241 et
371 3186 514 3242 Weichert
526 3185 564 3240 cd
617 3202 679 3255 per
704 3187 786 3242 codd.
811 3204 852 3241 m.
872 3192 995 3254 partes
1020 3187 1065 3243 ed.

111 3259 222 3313 Poetar.
243 3257 292 3310 lat.
311 3256 389 3344 reliq.
409 3273 435 3325 p.
456 3257 562 3312 41141.
617 3275 658 3326 pr.
683 3258 764 3313 Hum.
790 3258 896 3313 conieci
918 3258 984 3313 olim
1003 3274 1066 3327 per

112 3327 164 3383 Ad
182 3328 352 3383 adiectivum
371 3327 490 3393 επιμελὴς
508 3333 563 3383 nou
616 3329 781 3397 pertesi.
805 3346 828 3384 e.
852 3330 980 3397 partibus
1003 3329 1064 3384 188.

112 3407 143 3454 ut
167 3400 195 3453 in
220 3399 283 3453 aliis
308 3399 399 3452 titulis
417 3398 563 3466 suppletur
615 3401 677 3454 375.
704 3416 738 3456 ex
763 3399 863 3468 Veget.
889 3405 941 3453 art.
961 3405 1020 3455 vet.
1037 3402 1064 3464 3,

109 3472 200 3535 βίβλος
218 3469 269 3525 sed
283 3470 423 3538 ὀψοποίος,
442 3469 562 3524 obsone·
615 3472 640 3532 6,
661 3472 703 3524 11.
724 3471 830 3540 Gargil.
849 3471 929 3524 Mart.
949 3471 985 3526 de
1004 3471 1063 3528 arb.

112 3547 171 3604 ton
200 3541 335 3610 coquinae
360 3540 494 3610 magister
512 3540 562 3595 Isi·
614 3539 710 3609 pomis.
730 3543 756 3602 3,
774 3543 799 3595 4.
819 3546 851 3595 ut
875 3541 924 3595 sit:
950 3543 1064 3598 sextarii

111 3612 173 3670 dori
193 3613 267 3687 Orig.
287 3613 331 3678 20,
349 3614 376 3680 2,
394 3612 437 3666 32.
458 3611 505 3684 qui
523 3611 561 3667 ci·
615 3611 771 3686 quindecim
789 3611 879 3671 mellis
900 3612 929 3669 in
945 3612 1063 3673 ahenum
