2498 4178
377 449 438 504 Lib.
457 449 505 505 IV.
532 451 696 506 Pandantes.
972 453 1015 519 79

62 609 235 674 calefacies
258 609 291 673 in
314 608 442 695 patella.
466 615 551 674 teres
575 609 677 695 piper,
700 609 880 692 ligisticnm,
911 611 1014 692 origa-

61 718 145 777 num,
169 704 260 763 rutae
276 699 400 779 bacam,
418 698 535 776 vinnm,
552 698 697 779 mulsum,
722 699 827 763 oleum
861 699 1015 785 patellam

61 785 104 851 ad
127 787 247 851 lentum
268 786 387 868 ignem,
416 792 451 849 ut
474 791 637 867 coquatur.
670 785 739 851 ovis
764 785 869 852 erudis
893 787 1014 869 obliga-

61 874 120 956 bis,
144 874 325 940 adornabis.
344 874 493 939 cirninum
506 873 658 938 mundum
674 875 822 959 aspargis
838 881 870 941 et
884 875 1013 942 interes.

131 964 204 1029 138.
240 963 450 1028 Patellam
480 962 645 1028 isiciam
675 961 823 1050 [isicia]
855 962 904 1029 de
932 969 1014 1029 tnr-

63 1049 196 1119 sione:
224 1051 402 1132 enervabis,
426 1049 577 1116 concides
596 1051 783 1116 minutatim.
808 1058 894 1117 teres
909 1052 1014 1139 piper,

61 1139 244 1222 ligisticum,
269 1139 446 1226 origanum,
477 1139 706 1225 petresilinum,
737 1138 948 1222 coriandrum,
973 1140 1015 1207 ci·

62 1229 190 1308 minum,
212 1234 303 1294 rutae
327 1230 450 1309 bacam,
475 1233 614 1293 mentam
631 1227 763 1309 siccam,
784 1228 890 1315 ipsum
902 1229 1015 1295 tursio-

62 1336 145 1382 nem.
175 1316 267 1382 isicia
304 1316 507 1382 deformabis.
543 1316 661 1398 vinum,
695 1317 867 1398 liquamen,
900 1318 1016 1399 oleum,

65 1424 194 1487 coques.
230 1410 355 1471 coctum
378 1405 411 1469 in
434 1404 588 1491 patellam
619 1405 803 1471 collocabis.
834 1405 884 1472 ius
913 1405 946 1471 in
977 1425 1017 1472 ea

62 1491 179 1560 facies:
204 1493 306 1580 piper,
330 1493 510 1576 ligisticnm.
535 1493 718 1576 satureiam,
749 1495 1015 1581 septemvirum,

62 1581 234 1665 liquamen,
267 1583 381 1664 oleum,
408 1583 443 1649 in
473 1583 636 1668 patellam,
668 1602 771 1669 pones
794 1589 829 1647 ut
852 1590 1015 1667 coquatur.

64 1671 133 1737 ovis
156 1672 326 1754 obligabis.
350 1672 443 1758 piper
466 1690 624 1757 asperges
648 1679 681 1736 et
705 1671 833 1738 inseres.

110 1761 183 1826 139.
208 1761 414 1827 Patellam
434 1780 482 1825 ex
499 1759 728 1826 holisatr0:
753 1760 856 1826 elixas
877 1779 1018 1843 exaqua

62 1847 192 1931 nitrata,
225 1848 385 1936 exprimis,
416 1849 449 1913 in
471 1849 634 1934 patellam.
659 1854 755 1921 teres¹
774 1849 876 1935 piper,
904 1848 1016 1932 ligisti-

64 1956 147 2020 cnm,
178 1937 389 2020 coriandrum,
420 1936 603 2016 satureiam,
636 1957 760 2023 cepam,
784 1939 893 2003 vinum
914 1939 1015 2020 liqna·

63 2111 177 2184 panium
225 2117 335 2175 coctus,
373 2110 514 2178 ,fervente
568 2111 692 2173 λούμενος
716 2115 836 2179 θυρσίων,
860 2111 961 2178 ἥδιστος
981 2111 1018 2162 ὢν

63 2198 139 2254 aqua
156 2181 302 2252 perfusus“
323 2182 429 2238 Colum.
451 2185 476 2246 7,
488 2184 514 2247 8,
568 2187 609 2232 καὶ
634 2181 828 2250 τρυφερώτατος
857 2184 920 2238 coll.
945 2183 1015 2237 Plin.

66 2257 90 2309 7.
111 2253 145 2309 ef.
164 2255 225 2308 360.
247 2281 280 2291 -κ
299 2253 387 2309 haec
401 2259 513 2321 -pat
568 2256 594 2318 9,
612 2254 655 2307 34.
674 2268 739 2322 pars
758 2254 895 2322 quaedam
910 2253 1018 2310 canicu-

65 2340 170 2395 coques
195 2340 229 2379 ex
248 2324 321 2379 oleo.
340 2324 515 2393 patellam
567 2325 614 2379 lae
634 2323 794 2378 carchariae
806 2325 927 2394 indeque
938 2329 1016 2379 totus

63 2411 161 2467 pones.
190 2395 351 2450 mnndum
378 2411 429 2464 pro
457 2395 515 2448 mi·
569 2395 653 2463 piseis
671 2394 701 2448 id
716 2411 816 2450 nomen
830 2395 1018 2465 hebetaque-

64 2473 186 2522 nutum
199 2466 514 2521 corr.exEdiot.Diocl.
568 2467 658 2520 lorum
681 2465 789 2533 species
814 2472 866 2521 est.
897 2464 1018 2523 fortasse

66 2540 145 2602 1‚32.
165 2538 268 2606 plebeii
278 2536 445 2607 tyrotarichi
460 2537 515 2591 cibi

64 2625 100 2665 ex
118 2623 202 2663 caseo
222 2613 251 2663 et
265 2609 449 2671 salsamentis,
468 2607 516 2676 qui

63 2679 150 2736 hodie
165 2686 305 2734 menestra
316 2684 441 2741 vocatur,
460 2693 515 2732 me-

64 2751 144 2805 minit
163 2751 220 2805 (iic.
240 2751 277 2804 ad
294 2751 358 2805 Div.
378 2751 403 2812 9,
418 2749 459 2804 16.
478 2747 516 2803 ad

64 2819 154 2877 Attio.
174 2820 200 2885 4,
219 2821 244 2874 8.

118 2891 156 2946 ad
182 2893 241 2946 138.
280 2890 407 2945 codicum
443 2895 513 2958 pat.

64 2962 196 3019 siccam
216 2978 271 3017 non
285 2977 437 3029 eoumque,
455 2975 515 3014 cnm

65 3049 100 3089 ex
108 3036 169 3089 iure
178 3031 320 3088 inferatur.
329 3046 414 3100 quare
425 3047 516 3086 emen·

65 3105 132 3160 davi
156 3104 298 3158 iniciam
323 3103 368 3157 vel
391 3102 516 3157 siniam

65 3181 95 3232 et
118 3175 193 3231 idem
218 3175 387 3231 adiectivum
407 3173 516 3228 rest‘tni

66 3248 128 3302 172.
146 3246 254 3301 isicia
273 3261 307 3301 ex
325 3245 449 3314 margine
463 3249 515 3299 est.

66 3347 99 3356 -—
128 3317 164 3373 do
191 3332 259 3372 cane
290 3317 406 3370 marino.
435 3331 516 3385 quem

65 3388 149 3443 Italia
167 3386 253 3444 hodie
271 3388 379 3450 canino,
399 3386 518 3442 Graecia

66 3459 200 3511 σκυλάκιον
230 3463 324 3519 vocat.
355 3456 459 3512 Athen.
492 3457 517 3522 7,

66 3530 109 3587 85.
128 3530 229 3582 τούτου
247 3532 296 3582 τοῦ
321 3528 417 3597 ἰχθύος
439 3530 518 3599 μέρος

68 3599 120 3655 ἔστι
137 3604 181 3656 καὶ
201 3601 215 3654 ὁ
237 3601 290 3654 ὑπὸ
311 3602 447 3669 Ῥωμαίων
465 3620 514 3650 κα-

569 2551 610 2605 sq.
637 2536 782 2591 acanthias
808 2537 943 2608 dornhay‚
971 2537 1020 2607 qni

568 2607 697 2662 bonitate
716 2607 805 2662 carnis
821 2608 948 2678 squalum
959 2624 1019 2663 cor·

568 2679 698 2733 nubieum
741 2677 799 2734 fere
840 2685 951 2749 aequat.
990 2682 1020 2734 et

569 2748 661 2818 squali
687 2748 781 2818 glauci
801 2750 891 2805 cauda
917 2750 1020 2805 delica-

569 2825 628 2875 tum
654 2819 744 2875 eibum
769 2821 895 2888 praebet.
921 2836 1020 2876 ener-

570 2890 647 2945 vab.
666 2891 817 2945 torsionem
836 2893 877 2945 91.
904 2892 1020 2959 ipsum

569 2966 655 3014 turs.
677 2961 816 3015 concisam
834 2962 949 3029 pulpam
962 2967 1019 3015 tur·

569 3032 663 3086 sionis.
687 3031 766 3086 isicia
784 3033 901 3100 primum
920 3032 1021 3087 leniter

570 3103 715 3158 elixantur.
736 3103 800 3158 dein
820 3119 881 3157 cnm
899 3102 958 3157 iure
974 3119 1020 3158 oo·

571 3178 693 3242 quuntnr
716 3174 750 3228 in
774 3179 840 3228 ante
863 3177 938 3243 pati
952 3172 1018 3227 add.

571 3260 605 3299 ex
626 3245 685 3298 139.

625 3386 662 3440 ad
682 3386 740 3439 139.
769 3383 956 3441 holisatro
976 3383 1021 3442 93.

571 3457 605 3511 in
624 3461 693 3523 pat.
711 3456 808 3521 mittis,
822 3456 952 3511 collocas.
966 3472 1021 3512 vo·

570 3528 687 3655 puppii-s
708 3542 757 3582 sex
783 3527 867 3584 codd.
888 3543 939 3596 pro
959 3543 1021 3584 vo·
