2498 4178
426 449 485 507 Lib.
499 450 534 507 V.
571 450 700 523 Ospreos.
967 449 1030 517 105
1058 452 1061 459 ⁸

150 612 222 678 193.
246 611 360 677 Pisa.
397 612 504 677 Pisam
528 631 656 695 coques.
682 632 753 678 cnm
777 610 1029 694 despumaveris,

79 711 219 784 porrnm,
244 701 446 767 coriandrum
470 707 502 767 et
526 701 672 766 cirninum
696 720 793 787 supra
815 699 920 776 mittis.
945 706 1030 767 teres

79 788 182 875 piper,
205 789 376 872 ligisticum
401 789 540 878 [careum
559 789 620 856 hoc
637 795 686 855 est
702 786 865 875 caravita],
890 809 1028 872 careum,

79 883 218 959 anetum,
247 879 383 945 ocimum
413 878 524 960 viride,
560 877 724 944 suffundes
754 878 924 960 liquamen,
956 877 1029 943 vino

80 972 112 1032 et
134 967 305 1048 liquamine
329 968 532 1051 temperabis.
557 967 658 1033 facies
674 973 708 1031 ut
723 965 854 1032 ferveat.
880 986 951 1033 curn
968 966 1029 1033 fer·

78 1056 191 1136 ruerit,
216 1057 364 1138 agitabis.
389 1057 415 1121 si
439 1056 515 1138 quid
539 1056 684 1137 defuerit,
714 1055 819 1121 mittes
847 1060 879 1122 et
900 1055 1029 1122 inferes.

149 1145 219 1210 194.
244 1144 610 1212 Pisamfarsilem:
636 1163 764 1227 coques,
781 1143 831 1210 cui
844 1144 948 1209 oleum
962 1144 1030 1210 mit

77 1232 127 1298 tis.
174 1232 343 1299 Abdomen
367 1240 398 1300 et
421 1233 517 1299 mittis
540 1232 573 1299 in
597 1234 782 1314 caccabum,
814 1233 975 1314 liquamen
999 1238 1031 1299 et

77 1341 208 1404 porrum
240 1323 423 1406 capitatum,
465 1323 665 1388 coriandrum
697 1321 808 1402 viride,
839 1321 966 1405 inponis
996 1327 1030 1386 ut

78 1415 241 1492 coquatur.
273 1411 365 1478 isicia
396 1411 516 1476 minuta
546 1412 646 1478 facies
675 1409 832 1493 quadrata
856 1416 888 1476 et
911 1429 1030 1492 coques

77 1498 170 1565 simul
201 1499 311 1566 turdos
341 1500 394 1566 vel
428 1501 570 1566 arcellas
593 1503 645 1567 rel
669 1500 710 1566 de
733 1499 820 1583 pullo
845 1499 975 1565 concisa
999 1505 1031 1565 et

78 1589 240 1654 cerebella
263 1609 364 1673 prope
389 1595 480 1656 cocta
506 1603 577 1657 curn
600 1588 733 1656 iuscello
760 1607 887 1670 coques.
927 1589 1029 1654 Luca·

75 1677 167 1742 nicas
198 1697 298 1743 assas.
345 1679 537 1745 Petasonem
571 1679 672 1744 elixas
728 1678 845 1742 Porrus
877 1697 918 1742 ex
946 1696 1031 1758 aqua

77 1766 196 1847 coquis.
249 1767 443 1832 Nuoleorum
476 1767 613 1833 eminam
644 1766 745 1848 frigis.
798 1765 898 1830 Teres
926 1766 1029 1848 piper,
1118 1789 1123 1805 ¹

74 1853 257 1937 ligisticum,
290 1856 466 1938 origanum,
499 1856 656 1938 gingiber,
686 1855 736 1920 ius
760 1853 938 1920 abdominis
961 1853 1029 1919 fun-

76 1942 136 2025 dis,
161 1944 230 2008 lias.
277 1944 474 2026 angularem
491 1944 633 2029 accipies
652 1983 692 1990 -
720 1943 902 2009 conversari
925 1943 1031 2026 p'otest

76 2070 118 2078 -
143 2038 176 2097 et
198 2033 332 2098 omentis
362 2032 455 2116 tegis,
490 2034 595 2098 oleum
617 2031 794 2116 profundis,
825 2030 944 2096 deinde
974 2051 1030 2096 nu-

75 2121 163 2186 cleos
187 2122 335 2204 aspargis
359 2128 391 2186 et
414 2142 511 2204 supra
533 2122 636 2207 pisam
660 2121 767 2203 mittis,
792 2125 826 2183 ut
848 2126 941 2202 tegas
961 2119 1029 2182 fun-

23 2245 27 2252 ·
75 2209 151 2274 dum
175 2210 339 2292 angularis
364 2211 463 2276 etsie
489 2210 644 2293 conponis
660 2229 758 2293 supra
776 2209 941 2291 petasonis
961 2207 1029 2295 pul·
1058 2219 1065 2223 “

73 2317 146 2382 pas,
170 2317 294 2384 porros,
318 2299 481 2364 lucanicae
498 2298 652 2364 concisas.
672 2300 784 2363 iterum
801 2296 905 2379 pisam
920 2316 1028 2383 super·

73 2386 182 2451 mittis.
207 2388 282 2452 item
306 2388 436 2453 alternis
461 2386 588 2473 aptabis
612 2387 755 2469 obsonia,
785 2404 950 2468 quousque
973 2385 1029 2450 im-

74 2547 206 2600 riutam
225 2545 370 2600 codhum.
389 2547 526 2601 undeme·

75 2617 154 2671 dicus
192 2617 304 2685 scripsit
341 2625 525 2672 careotam

74 2687 111 2743 de
129 2688 223 2742 radice
243 2688 316 2742 carei
330 2703 401 2756 quac
413 2694 526 2743 carecta

74 2763 192 2813 vocetur
209 2758 395 2826 interpretans
415 2766 444 2814 et
456 2760 525 2814 alte-

74 2821 134 2883 rdm
149 2845 258 2883 careum
269 2829 304 2884 de
314 2830 437 2885 eiusdem
447 2830 525 2898 plan-

75 2905 122 2954 tae
141 2901 252 2954 semine.
273 2916 327 2968 ego
346 2901 432 2955 malui
451 2902 525 2956 unci-

72 2971 117 3024 nis
129 2971 282 3026 seeludere.
302 2971 336 3025 cf.
349 2972 389 3025 74.
402 3003 433 3011 —
445 2989 462 3026 o
473 2989 526 3042 cy-

73 3058 167 3114 mum⁴
180 3042 223 3096 ed.
243 3059 284 3111 pr.
304 3042 338 3096 H.

127 3112 165 3166 ad
186 3112 244 3166 194.
283 3114 323 3167 sic
341 3115 460 3182 imperat
479 3130 524 3168 co-

73 3198 159 3250 quus:
179 3183 268 3251 pisam
287 3189 319 3238 ut
337 3199 470 3239 suminam
485 3185 526 3238 rei

73 3269 109 3307 ex
128 3254 191 3309 oleo
212 3269 300 3322 coque
318 3255 346 3307 in
365 3270 431 3308 vase
445 3270 525 3323 sepa-

73 3329 146 3387 ratu,
169 3325 236 3378 item
260 3325 288 3377 in
313 3330 444 3392 separato
465 3340 524 3378 cac·

74 3396 146 3449 cabo
165 3394 304 3449 abdomen
319 3412 353 3450 ex
366 3396 524 3465 liquamine.

74 3481 169 3534 porro,
197 3466 353 3530 coriandro,
388 3467 523 3534 simulque

73 3535 182 3590 isiciola
211 3536 375 3591 tessellatim
404 3538 523 3599 concisa,

74 3606 172 3664 turdos
197 3606 242 3665 vel
268 3608 390 3666 ancellas
409 3607 523 3682 pulpam

580 2545 713 2614 pollinam
740 2551 769 2599 et
793 2543 940 2608 cerebella,
968 2560 1029 2600 aro·

580 2624 657 2671 mata
675 2616 754 2670 adice
773 2617 853 2685 piper
871 2617 975 2679 tritum,
998 2616 1029 2670 li·

580 2689 728 2756 gusticum,
739 2689 884 2757 origanum
891 2689 1027 2757 gingiber.

580 2760 680 2814 deinde
699 2774 763 2813 assa
782 2759 930 2821 lucanicae,
955 2758 1029 2813 elixa

579 2837 756 2899 petasonem‚
795 2847 883 2898 eoque
919 2845 1029 2897 porros,

579 2900 650 2969 frige
669 2901 790 2955 nucleos.
812 2906 870 2953 tum
888 2899 1028 2954 insormu·

578 2972 615 3034 la,
643 2977 792 3039 postquam
826 2972 885 3024 eius
912 2967 1028 3024 fundum

579 3042 697 3096 omentis
726 3041 835 3103 texisti,
868 3040 958 3095 oleum
986 3039 1027 3095 fu-

580 3114 645 3166 disti
674 3117 702 3166 et
733 3111 847 3166 nucleos
875 3111 1027 3178 aspersisti,

579 3190 689 3238 exstrue
713 3197 850 3236 massam:
875 3183 964 3250 primo
987 3183 1022 3250 pi·

579 3270 637 3308 sam
648 3259 755 3308 coctam
766 3254 855 3316 mitte,
874 3267 1027 3321 supeream

579 3341 714 3392 compone
752 3325 895 3393 petasonis
932 3324 1027 3378 elixati

577 3394 687 3463 pulpas,
710 3412 809 3463 porros
829 3401 932 3450 coctos.
952 3395 1026 3448 luca-

577 3466 654 3519 nicas
689 3472 798 3520 assatas
832 3473 860 3520 et
893 3466 1025 3529 concisas,

577 3537 677 3590 iterum
693 3537 782 3605 pisam
793 3536 956 3604 supermitte
965 3541 1026 3590 tan·

577 3622 660 3677 quam
670 3623 771 3662 novam
783 3613 942 3671 straturam,
961 3607 1026 3664 dein
