2498 4178
494 477 554 535 Lib.
573 477 608 534 V.
638 478 767 548 Ospreos.
1041 479 1098 546 101

151 636 219 703 tina
243 638 408 722 conponis.
432 645 516 706 teres
538 638 642 727 piper,
665 646 805 706 mentam
828 639 956 724 siccam,
986 640 1102 707 suffun-

152 727 211 793 des
235 727 405 810 liquamen,
429 728 550 795 adicies
573 730 646 811 mel,
675 749 816 812 passum,
845 729 951 794 vinum
976 736 1008 796 et
1031 751 1102 796 ace-

152 821 227 882 tum.
259 816 402 882 refundis
432 817 466 882 in
495 817 637 901 patinam
669 838 766 904 super
799 810 1004 902 praecoquia,
1040 819 1103 885 olei

151 904 311 970 modicum
333 904 430 971 mittis
455 911 487 971 et
501 907 588 972 lento
606 906 674 988 igni
697 906 829 972 ferveat.
855 927 927 972 enm
941 907 1102 992 fervuerit,

151 993 257 1070 amolo
294 993 428 1077 obligas.
464 994 558 1083 piper
590 995 738 1083 aspargis
774 1000 805 1060 et
827 994 954 1063 inferes.

292 1206 454 1292 Incipit
475 1206 597 1293 Apici
622 1207 741 1276 caeli
767 1227 952 1296 ospreos.

560 1368 640 1435 LIB.
664 1369 703 1435 V.

221 1527 291 1593 185.
324 1528 477 1594 Pultee.
521 1526 644 1595 Alicam
675 1535 844 1616 purgatam
869 1529 1020 1614 infundis,
1053 1553 1104 1600 co·

153 1635 242 1698 ques.
268 1636 340 1682 cum
362 1616 524 1701 fervuerit,
554 1617 658 1685 oleum
681 1618 787 1684 mittis.
813 1637 884 1685 cum
908 1621 1104 1704 spissaverit‚

151 1703 221 1770 lias.
268 1705 399 1772 Adicies
423 1707 584 1772 cerebella
607 1706 670 1772 duo
695 1712 787 1773 cocta
811 1713 844 1773 et
863 1708 1012 1775 selibram
1035 1712 1107 1795 pul-

150 1813 214 1876 pae
238 1794 329 1875 quasi
353 1796 397 1860 ad
418 1793 511 1884 isicia
534 1795 658 1878 sriatae,
683 1814 754 1861 cum
778 1797 946 1863 cerebellis
969 1804 1054 1865 teres
1074 1806 1107 1865 et

150 1881 184 1946 in
209 1884 382 1949 caccabum
406 1883 520 1949 mittes.
543 1890 628 1950 teres
644 1884 746 1968 piper,
771 1884 953 1967 ligistieum,
977 1887 1106 1966 feniculi

151 1989 272 2054 semen,
296 1971 453 2040 suffundis
475 1973 636 2055 liquamen
660 1977 692 2038 et
713 1973 792 2039 meri
808 1973 968 2041 modicum
989 1983 1021 2042 et
1036 1976 1104 2041 mit-

150 2147 233 2210 codd,
253 2148 290 2202 ad
308 2149 367 2203 176.
379 2179 412 2188 -
424 2149 602 2204 duracina
657 2149 697 2204 cis
716 2153 747 2203 ut
765 2149 937 2219 Etymologo
951 2152 985 2205 Μ.
1005 2152 1104 2219 pblss,

149 2219 342 2289 primotica
359 2221 496 2288 pusilla
519 2238 554 2289 p.
574 2221 601 2275 in
654 2220 698 2275 48.
719 2219 762 2274 ed.
788 2220 863 2289 Lips.
885 2222 998 2288 ὄσπρεον
1015 2222 1103 2277 minus

149 2290 258 2359 aliquot
276 2290 357 2345 codd.
376 2292 427 2346 sed
438 2290 494 2347 duo
507 2292 602 2360 priora
654 2292 749 2360 placet
767 2305 848 2358 quam
867 2293 983 2359 ὄσπριον,
1001 2308 1103 2346 novum

149 2361 290 2416 adiectiva
308 2376 326 2415 a
343 2363 467 2432 margine
491 2364 601 2418 venisse
654 2377 755 2417 nomen
775 2377 928 2430 ospreos
940 2363 1104 2431 donqeocest

148 2432 276 2487 videmus
313 2448 347 2486 ox
375 2453 395 2482 π
423 2434 470 2502 qui
503 2433 600 2489 forte
655 2430 931 2503 quasioonqeoeanar
949 2434 1103 2502 (qualimo

148 2502 324 2558 duracina
343 2504 507 2559 ducenda
526 2505 599 2574 pri·
655 2504 691 2558 dc
716 2502 788 2556 liber
812 2509 927 2572 quartus
945 2504 1104 2560 inscribitur

147 2574 282 2628 mobida
331 2580 360 2629 et
405 2591 438 2630 ex
458 2642 461 2647 ‚
479 2580 513 2625 θκ
553 2575 599 2645 qui
654 2572 802 2639 nordanae)
839 2574 884 2629 vel
917 2573 1102 2643 ὄσπρεοδόχος,

146 2645 383 2714 praecoquiis
415 2645 514 2700 forte
544 2647 599 2701 du·
653 2644 1102 2714 leguminariusquodvariornm

146 2715 429 2771 racinadnsilla
453 2732 598 2785 praeco·
652 2716 820 2785 leguminum
855 2717 1040 2784 pulmentaria
1073 2723 1103 2773 et

147 2786 238 2855 qnia·
276 2786 304 2841 C.
314 2786 321 2797 ”
331 2787 437 2842 Gesner
460 2788 487 2840 in
511 2803 596 2856 marg.
653 2803 748 2842 eorum
784 2788 945 2842 condituras
977 2803 1101 2856 compre·

145 2857 190 2911 sui
215 2857 381 2925 exemplaris
406 2874 474 2912 corr.
496 2873 598 2927 prae·
651 2858 757 2912 hendat
781 2862 810 2910 et
835 2855 971 2912 conficere
990 2859 1122 2913 doceat(

146 2926 258 2981 cocia.
283 2930 484 2998 precoquia
512 2929 596 2984 codd.
653 2929 688 2983 de
707 2929 785 2996 pulte
804 2943 838 2981 ex
861 2928 1045 2996 leguminibus
1065 2928 1099 2982 ef.

144 3012 351 3067 praecoqua
394 3001 407 3059 ζ
447 3000 527 3053 Hum.
567 3005 597 3054 et
651 3014 721 3068 quos
755 2998 854 3051 laudat
885 2999 1023 3051 Hermann
1052 2999 1099 3054 Gr.

143 3069 316 3125 Schneidero
342 3071 388 3139 qui
413 3069 596 3125 conferendus
648 3068 795 3124 Privatalt.
815 3073 837 3132 9.
858 3068 900 3132 24,
917 3069 958 3122 25.

144 3140 183 3193 ad
208 3139 314 3194 Colum.
335 3142 377 3205 10,
396 3141 456 3195 410.
478 3141 595 3209 „primo-
702 3138 819 3193 ad185.
840 3154 874 3192 ea
892 3138 955 3207 puls
971 3142 1099 3209 sequenti

144 3210 218 3264 tica“
245 3227 302 3264 vox
326 3226 343 3265 a
369 3212 528 3281 glossatore
547 3212 595 3266 ad·
648 3211 788 3264 simillima
806 3224 922 3279 eamque
937 3211 973 3266 ob
988 3226 1099 3265 causam

142 3281 206 3335 dita
223 3286 275 3335 est.
648 3281 684 3336 ab
712 3283 793 3335 Hum.
824 3282 927 3336 omissa
960 3282 988 3335 in
1016 3281 1097 3337 codd.

197 3350 253 3406 Ad
277 3351 406 3407 librum
428 3353 462 3408 V.
491 3353 539 3421 qui
566 3353 593 3406 in
648 3352 739 3406 locum
758 3357 824 3406 ante
851 3353 909 3406 190.
935 3351 1028 3407 habet.
1047 3352 1099 3406 in·

143 3422 266 3548 quinpue
284 3423 443 3478 inscribitur
461 3429 593 3547 ostrei&
648 3422 772 3548 gnpdTisss
791 3424 818 3546 ip
837 3437 938 3546 aqnpm
957 3423 1096 3548 ³1⁷9c233'

141 3509 592 3562 rne.pr.osproon‚co.
670 3508 688 3545 a
766 3509 1097 3562 ,.-1gso.

142 3565 177 3623 πζ
195 3564 265 3618 talia
284 3565 425 3629 omittunt,
447 3566 528 3619 Hum.
549 3564 592 3619 ed.
647 3563 791 3632 obligas
816 3563 896 3616 Hum.
921 3564 981 3618 186.
1006 3579 1098 3620 meum

142 3635 298 3704 osprios.
325 3635 408 3690 etiam
429 3635 593 3691 Grammati-
646 3634 719 3688 lias
744 3638 789 3688 est
813 3633 884 3705 lyae,
909 3633 1008 3706 liques.
1028 3632 1096 3694 deli-

152 3895 174 3929 l
