2498 4178
219 373 263 442 22
627 373 777 436 Praefatio.

219 536 374 619 „stirace
401 555 483 619 cepa
500 538 673 604 ascalonia.
697 541 823 607 radices
838 540 932 606 iunci.
951 548 1036 609 anet.
1059 543 1188 631 puleio.

217 651 383 734 „eiperurn
406 646 481 713 alin.
506 666 633 730 aspera.
655 670 812 717 samsucu.
838 650 948 717 innula
974 652 1081 739 silpiu.
1114 675 1188 723 car·

217 757 399 840 „damomu
435 754 493 819 De
513 755 754 840 liquoribus
776 758 870 824 boc:
894 758 968 839 mel,
989 758 1113 827 defritn
1130 783 1186 830 ca·

217 865 309 947 „rinu
321 862 465 950 apiperm
485 881 592 945 passu.
629 864 686 930 De
703 860 868 931 nucleis
883 865 974 931 hoc:
992 886 1094 933 nuces
1111 890 1184 936 ma·

217 971 324 1053 „iores
347 970 458 1036 nuclos
474 970 589 1054 plneos
605 991 644 1035 ae
660 971 789 1037 midula.
814 974 856 1038 ab
877 973 994 1038 allana.
1030 975 1091 1040 De
1110 996 1183 1061 po·

217 1079 313 1162 „mle
330 1078 462 1145 siccis
478 1077 572 1144 hoc:
596 1078 809 1145 Damascena.
829 1078 954 1145 datilos.
978 1099 1041 1145 uva
1061 1101 1179 1165 passa.

216 1192 383 1270 „granata
408 1186 497 1253 Haec
515 1185 620 1250 omnia
633 1185 666 1249 in
681 1186 752 1250 loeo
773 1185 859 1251 sicco
876 1206 1018 1272 ponens
1038 1186 1181 1257 odorem

215 1298 272 1378 „et
293 1294 441 1360 virtutem
464 1291 611 1376 perdant.
645 1292 786 1358 Brevis
810 1294 1015 1376 cyborum.
1047 1295 1073 1360 1.
1093 1296 1178 1364 Cac-

217 1401 355 1482 ,‚cabina
368 1401 501 1467 minore.
526 1401 567 1467 II.
581 1399 756 1466 euecabina
771 1399 874 1466 fusile.
910 1402 969 1465 Ill.
984 1400 1099 1494 ofellus
1116 1423 1177 1487 ga-
1227 1438 1230 1449 =

215 1513 337 1589 „ratas
361 1509 436 1574 IllI.
455 1507 569 1574 ofellae
585 1526 685 1573 assas.
709 1507 747 1573 V.
758 1507 850 1573 aliter
867 1506 988 1573 ofellas.
1018 1508 1072 1573 VI.
1092 1509 1175 1576 ofel-

219 1615 288 1698 „las
304 1622 427 1699 graton.
463 1616 533 1681 Vll.
553 1613 659 1698 pisces
676 1614 862 1698 scorpiones
881 1615 1054 1698 rapulatus.
1079 1615 1173 1682 VIII.

216 1722 344 1804 „pisces
353 1722 463 1789 trinos.
474 1722 699 1802 cuiuscumque
709 1721 847 1802 generis.
866 1722 1054 1787 VIIlI.item
1064 1721 1176 1805 pisces

216 1826 350 1910 „frixos
374 1829 416 1894 X.
426 1813 533 1915 pisces
542 1848 643 1894 assos.
667 1828 725 1893 XI.
742 1827 849 1911 pisces
864 1826 1072 1909 inotogenon.
1096 1829 1173 1896 XII.

214 1934 361 2017 „sarda-s.
396 1935 487 2000 XIII.
505 1934 581 2001 item
598 1934 705 2019 pisces
719 1934 926 2016 inotogonon.
962 1934 1070 1999 XIIII.
1092 1938 1173 2001 mul·

214 2040 285 2122 „los
302 2041 459 2110 arctatos.
494 2042 565 2108 XV.
583 2042 676 2108 aliter
690 2043 813 2107 mullos.
853 2040 931 2104 XVI
966 2060 1115 2106 murenas
1141 2051 1174 2110 et

216 2149 408 2233 „anguillas
444 2149 547 2215 XVII.
560 2150 701 2215 lucustas
725 2156 757 2214 et
779 2147 924 2229 isquillas
971 2148 1091 2213 XVIII.
1105 2150 1172 2233 pis-

217 2275 295 2337 „ces
312 2256 424 2322 elixos.
455 2256 593 2332 XVIIII.
610 2256 737 2339 patinas
755 2257 896 2320 eborum.
932 2254 1005 2319 XX.
1026 2257 1172 2339 porcello

215 2361 452 2442 „coriandratu
477 2362 568 2427 XXI.
580 2362 725 2447 porcello
740 2361 773 2427 in
794 2368 936 2427 occuctu.
972 2362 1079 2428 XXII.
1096 2383 1171 2446 por-

213 2465 318 2547 „cello
329 2467 454 2551 eojure.
473 2467 571 2533 XXll
575 2469 597 2534 l.
608 2470 750 2552 porcello
759 2476 878 2554 tymme
888 2470 1012 2556 eraps'u.
1026 2471 1169 2539 XXIIII.

214 2575 558 2659 „porcelluexonome
583 2576 686 2642 XXV.
711 2577 855 2661 porcellu
870 2577 1021 2644 laseratu.
1047 2578 1168 2645 XXVI.

212 2681 535 2766 „porcellujuscellu
567 2684 703 2749 XXVII.
729 2703 816 2767 ngnu
828 2683 981 2767 simplice.
1013 2685 1168 2750 XXVIII.

211 2785 391 2869 „haedulus
411 2795 512 2855 aratu.
560 2789 730 2855 XXVIIII.
755 2789 865 2855 turdos
889 2812 909 2855 a
932 2772 1030 2874 ponto
1045 2811 1167 2857 menos.

211 2893 340 2975 „XXX
355 2901 502 2963 turtures.
539 2897 662 2964 XXXI.
676 2897 725 2963 ius
748 2896 781 2960 in
804 2896 962 2980 perdices.
979 2935 1019 2945 ——
1044 2899 1069 2962 I.
1087 2897 1167 2964 an-

212 3001 350 3080 „cabina
361 3004 493 3069 minore.
508 3005 597 3070 olera
609 3003 746 3070 diversa.
762 3003 855 3068 elixa.
872 3008 1064 3090 compone,“
1083 3024 1167 3086 quae

211 3111 283 3169 sunt
305 3106 429 3191 reliqua
451 3109 573 3174 inserta
595 3128 680 3174 nune
702 3109 803 3174 habes
830 3110 909 3176 locis
932 3112 979 3178 rei
1001 3111 1166 3194 proximis,

210 3218 283 3278 sunt
313 3218 420 3278 autem
454 3216 526 3280 119.
560 3215 631 3279 120.
667 3215 851 3280 153-165.
877 3217 1063 3285 nou-257.
1089 3220 1165 3284 270.

210 3321 283 3385 370.
303 3319 377 3385 375.
400 3319 586 3385 ese-394.
611 3319 665 3385 ubi
688 3319 856 3388 adhibebis
879 3330 972 3390 notas
994 3325 1027 3389 in
1051 3325 1165 3410 quibus

210 3428 393 3509 aenigmata
416 3427 542 3493 solvere
570 3426 691 3492 tentari
709 3427 779 3494 istis
808 3430 968 3513 excerptis
999 3451 1082 3515 quae
1112 3432 1164 3496 tri-

210 3530 300 3614 ginta
331 3553 429 3598 unam
461 3533 709 3620 compositiones
740 3534 903 3601 continent
937 3536 1079 3624 Apicius,
1111 3537 1165 3626 qui
