2498 4178
416 453 475 513 Lib.
499 454 529 511 V.
567 454 696 526 Ospreos.
963 450 1023 519 101

77 637 163 699 num,
196 615 280 682 carei
311 616 481 697 modicum,
513 614 676 681 suffundes
711 614 760 680 ius
792 612 833 678 de
864 632 922 677 suo
954 610 1024 694 sibi,

77 707 151 772 vino
177 712 208 770 et
229 725 328 790 passo
351 705 557 790 temperabis,
582 705 689 788 sepias
712 702 888 769 minutatim
919 700 1025 770 conci-

78 795 128 862 dis
152 801 184 859 et
206 794 239 859 in
263 795 365 880 pisam
388 794 494 859 mittis.
519 793 619 877 piper.
635 811 801 877 asperges.

145 884 218 948 196.
250 883 357 948 Pisam
389 902 507 965 coques
538 902 576 946 ao
601 881 694 946 liabis
719 887 752 946 et
773 879 877 944 mittes
908 879 940 943 in
972 876 1025 941 iri-

74 972 193 1054 gidam.
220 991 290 1036 oum
313 970 560 1054 refrigeraverit,
587 970 704 1036 deinde
734 968 889 1051 agitabis:
921 967 1027 1032 conci-

76 1059 135 1127 des
159 1080 272 1144 cepam
296 1059 474 1125 minutatim
500 1065 531 1125 et
555 1060 771 1125 albamentum
795 1057 857 1138 ovi,
890 1057 962 1123 oleo
995 1059 1027 1121 et

73 1150 143 1214 sale
168 1147 308 1229 condies
333 1148 418 1214 aceti
441 1148 610 1232 modicum.
633 1148 757 1234 adicies
780 1146 814 1212 in
831 1145 966 1211 buletari
980 1143 1026 1209 vi-

73 1239 181 1304 tellum
206 1237 258 1302 cvi
281 1239 374 1319 cocti,
399 1238 534 1320 colores,
558 1237 690 1321 insuper
713 1237 819 1303 oleum
835 1233 937 1302 viride
956 1232 1026 1299 mit·

73 1327 113 1393 tis
139 1332 171 1392 et
193 1325 322 1392 inferes.

142 1416 214 1482 197.
258 1415 396 1480 Pisam
435 1413 700 1480 vitellianam
737 1413 826 1479 sive
868 1411 1024 1478 fabam:

71 1504 176 1587 pisam
200 1523 328 1586 coques,
352 1504 422 1570 lias.
447 1510 531 1570 teres
553 1504 654 1587 piper,
670 1502 852 1586 ligisticum,
877 1500 1039 1584 gingiber,

72 1597 105 1658 et
135 1613 233 1677 super
264 1592 467 1658 condimenta
505 1592 601 1657 mittis
632 1592 741 1657 vitella
778 1611 911 1656 ovorum
943 1608 1026 1671 quae

72 1679 153 1759 dura
177 1681 312 1746 coxeris.
337 1681 440 1746 mellis
463 1701 535 1747 unc.
566 1682 626 1746 lll.
650 1687 745 1761 teres,
777 1680 948 1762 liquamen,
980 1678 1025 1742 vi-

72 1790 146 1835 uum
171 1776 203 1835 et
226 1776 361 1835 acetum.
385 1769 468 1836 haec
493 1770 599 1834 omnia
622 1769 717 1834 mittis
740 1769 773 1833 in
798 1769 972 1834 caccabum
995 1772 1027 1832 et

36 1874 39 1879 ’
72 1859 308 1924 condimentum
341 1879 423 1940 quae
461 1858 574 1924 trivisti
604 1858 835 1923 01100100100
867 1855 961 1940 ponis
994 1861 1027 1920 ut

70 1947 203 2013 ferveat.
229 1947 361 2012 condies
376 1946 489 2031 pisam.
514 1948 607 2029 libas,
631 1947 659 2011 si
674 1966 792 2032 aspera
807 1945 911 2028 fuerit,
930 1944 1026 2012 melle

70 2034 155 2100 mitis
179 2041 210 2100 et
231 2035 360 2102 inferes.

576 2218 685 2267 uantur.
710 2211 841 2266 Vitellius
860 2210 928 2265 facit
947 2210 1027 2265 vitel·

578 2284 666 2340 lianus
686 2289 715 2338 et
732 2283 882 2345 vitellinus,
906 2283 1027 2336 011110-

71 2211 165 2266 indieo
184 2212 273 2280 nigro,
296 2214 332 2259 τῶ
354 2210 448 2279 trians,
474 2228 522 2268 no·

72 2283 116 2337 bis
135 2282 224 2336 tusch.
245 2281 279 2337 cf.
295 2283 455 2337 Beekmann
473 2285 522 2337 Er·

71 2351 139 2407 find.
163 2353 201 2407 IV
225 2369 253 2421 p.
272 2352 334 2408 496,
360 2370 436 2423 seqq.
462 2371 523 2409 eum

71 2424 144 2478 Plin.
163 2426 206 2488 35,
226 2425 268 2478 43.
291 2424 396 2480 Athen.
418 2427 442 2488 7,
465 2425 521 2479 124.

73 2496 98 2557 8,
119 2495 161 2549 53.
183 2527 215 2536 -
241 2496 441 2564 despumav.
463 2498 522 2550 1932

126 2567 163 2620 ad
182 2567 239 2620 196.
260 2581 300 2620 ac
319 2567 432 2622 liabis
453 2583 521 2622 corr.

72 2653 107 2692 ex
135 2638 193 2691 191.
215 2653 267 2705 pro
294 2639 467 2706 agitabis,
493 2644 523 2692 et

71 2707 242 2777 frigidum
258 2707 431 2777 frigidarium
445 2709 522 2764 volui

72 2777 522 2849 pmfrigidemaquamquod

72 2866 173 2904 nomen
192 2850 297 2904 adiecit
312 2851 440 2905 librarius
459 2851 520 2907 cod.

71 2935 130 2988 par.
152 2950 184 2958 -
210 2921 374 2989 agitabis
397 2924 522 2991 coagita-

70 2991 116 3044 bis
134 2992 192 3045 iure
212 2990 283 3045 infra
302 2993 416 3060 scripto.
436 3023 471 3031 -—
489 2993 522 3046 in

71 3062 231 3116 boletam
257 3079 288 3116 v.
315 3080 346 3116 0.
375 3080 404 3118 0.
425 3062 521 3118 colas

70 3134 113 3187 in.
134 3133 215 3187 codd.

123 3204 471 3271 ad197.vitellinam
488 3207 523 3252 sn

70 3279 100 3328 01
119 3279 139 3322 d
157 3274 217 3326 261,
244 3275 316 3328 unde
342 3280 422 3342 patet
446 3276 522 3328 avi-

71 3345 147 3399 tcllis
167 3361 283 3399 ovorum
293 3359 348 3399 nom
360 3345 462 3400 habere
472 3362 521 3399 no-

70 3432 142 3478 men,
162 3416 213 3470 sed
232 3431 249 3469 a
268 3415 384 3471 Vitellio
403 3417 521 3483 impera-

70 3492 140 3549 tore,
160 3491 192 3540 ut
207 3487 416 3554 porcellusssll.
437 3487 521 3541 aliae-

71 3573 124 3624 que
147 3557 261 3626 patinae
286 3558 322 3611 ab
348 3559 520 3626 imperatori-

70 3628 122 3682 bns
143 3628 234 3698 gulam
265 3629 406 3697 magistris
433 3629 520 3683 nomi·

577 2371 624 2410 sns
643 2355 769 2409 drnsinus
779 2360 809 2408 et
826 2355 971 2409 drusianus
982 2369 1025 2422 ap.

577 2425 666 2480 Tacit.
700 2440 763 2479 ann.
800 2428 825 2489 2,
853 2426 879 2479 8.
912 2424 1026 2480 Sueten.

578 2497 675 2551 Claud.
696 2499 718 2549 1.
745 2498 886 2552 bactrinus
910 2497 1027 2551 01600-

578 2569 683 2622 1110111
702 2582 747 2636 ap.
768 2568 853 2637 Apul.
868 2574 932 2623 met.
948 2568 1026 2630 114.

576 2640 617 2694 sio
634 2640 740 2694 Fronto
755 2637 823 2694 facit
834 2639 1027 2694 frontonieuus

576 2711 637 2765 386.
650 2709 775 2764 Celsinus
790 2711 955 2765 celsinianus
965 2711 1025 2764 382.

576 2781 739 2848 Tamphilus
762 2778 958 2850 tamphilianus
982 2797 1026 2849 ap.

575 2852 676 2919 Nepet.
702 2851 765 2905 Att.
793 2855 835 2914 13,
856 2854 879 2904 2.
906 2852 1027 2906 Scaurus

576 2925 746 2985 maurianus,
774 2923 889 2976 Tacitus
917 2923 1026 2976 1101110-

576 3010 635 3055 nus,
654 2994 762 3047 Krause
774 2994 817 3047 De
830 2993 943 3046 Sueton.
955 2991 1026 3047 font.

576 3081 601 3132 p.
622 3065 638 3117 3
658 3079 735 3132 seqq.
757 3095 788 3102 —
809 3079 896 3132 quae
916 3079 968 3118 om.
983 3069 1024 3130 βγ.

576 3165 606 3172 a
629 3135 860 3188 condimenta
879 3134 922 3188 ed.
940 3135 1036 3202 pr-Hp

576 3205 844 3260 condimentum
879 3206 970 3274 quod
1006 3206 1024 3264 ζ.

576 3291 647 3344 quae
675 3277 811 3331 correctio
846 3276 952 3330 librarii
983 3281 1026 3330 est

576 3348 724 3401 nescientis
749 3348 777 3400 in
801 3363 835 3401 ea
853 3363 923 3402 voce
942 3362 1025 3415 geue-

575 3418 664 3470 tivum
683 3418 771 3472 latere
791 3419 837 3486 qui
857 3419 975 3471 001398.
996 3422 1025 3471 01

574 3489 602 3541 in
629 3489 794 3552 „dactilum“
819 3489 879 3542 230.
906 3488 1025 3543 cribrum

574 3559 644 3611 Plin.
666 3560 707 3620 16,
727 3559 768 3612 54.
789 3559 824 3611 al.
845 3557 879 3612 cf.
898 3558 1023 3612 Hildebr.

574 3629 610 3682 ad
629 3628 714 3697 Apul.
736 3632 760 3682 1.
776 3645 802 3697 p.
816 3629 877 3683 996.
897 3629 976 3684 Kritz
987 3630 1023 3691 ad
