2498 4178
482 451 642 510 Praelatio
994 447 1034 514 15

36 650 38 652 ’
81 641 165 708 ,qua
181 620 308 687 nomine
320 617 531 701 Megaronar)
554 613 660 698 reperi
676 613 892 679 abiectissimo
913 611 946 676 in
962 613 1034 677 loco

81 727 248 814 „codicem
263 727 494 806 semilacerum,
520 722 608 788 cuius
624 720 731 784 titulus
758 719 890 802 qualore
915 720 1036 787 obsitus

82 835 157 920 ,vix
169 833 389 899 characterum
400 831 580 912 vestigiisre
589 829 818 914 praesentabat
827 827 927 893 Oeelii
936 828 1036 912 Apitii

83 940 144 1026 ,de
160 961 195 1005 re
212 939 365 1006 culinaria
387 937 484 1003 libros
509 936 630 1001 decem.
658 934 738 999 deus
761 935 855 1016 bone,
881 943 1036 1016 quantum

83 1046 303 1132 „subsultabat
314 1045 437 1109 animus
457 1062 535 1129 pree
548 1041 679 1124 gaudio,
696 1047 848 1124 quantum
864 1042 1036 1127 triumpha·

84 1156 177 1238 ,bam
200 1158 288 1217 ratus
311 1171 371 1216 me
384 1171 449 1214 non
480 1148 575 1231 quod,
590 1148 682 1231 pueri
703 1148 737 1212 in
759 1147 836 1213 faba
860 1150 1036 1236 clamitent,

85 1258 164 1344 „sed
180 1259 370 1342 palmarium
386 1257 556 1340 reperisse,
573 1261 651 1338 puta
666 1275 832 1320 romanum
851 1257 940 1322 illum
960 1259 1036 1343 Api-

85 1367 188 1451 „tium'
201 1356 383 1453 ὀψοφάγον,
407 1363 579 1429 maximum
596 1363 735 1427 omnium
751 1369 904 1446 nepotum
927 1366 1038 1448 gurgi-

86 1479 180 1558 ,tem,
198 1476 286 1538 cuius
303 1471 502 1538 celeberrimi
518 1470 690 1554 scriptores
706 1470 900 1540 mentionem
916 1471 1038 1538 faciunt

87 1598 211 1665 „eoque
234 1599 299 1644 non
321 1579 453 1644 verbum
476 1578 575 1644 verbo
604 1577 707 1643 solum
735 1576 794 1644 sed
818 1577 1039 1646 characterum

87 1705 221 1771 „vocum
244 1684 442 1767 singularum
463 1690 642 1750 monstrose
677 1681 926 1749 deformatamm
948 1685 1039 1752 linia-

88 1799 216 1878 ,menta
238 1791 400 1873 solicitius,
423 1792 468 1856 ita
492 1797 589 1856 utne
612 1811 697 1878 apex
721 1790 851 1872 quidem
874 1790 1040 1858 desidera-

89 1904 203 1984 ,retuq
235 1896 444 1981 depingenda
468 1899 656 1964 curarimus.
682 1936 725 1946 -
754 1899 825 1982 ipse
848 1899 1040 1982 simulatque

89 2004 247 2090 „penitius
265 2003 392 2090 inspexi
417 2010 448 2070 et
469 2010 682 2088 properanter
705 2012 803 2090 caput
825 2025 919 2071 unum
945 2012 1042 2088 atque

89 2112 243 2196 „alterum
259 2111 487 2176 transvolitevi.
512 2111 655 2194 protinus
679 2112 767 2195 apud
787 2133 839 2178 me
861 2113 1042 2177 mussitavi:

89 2217 138 2302 ,si
153 2218 306 2283 vetustior
322 2217 372 2284 hic
388 2223 510 2299 auctor,
534 2217 609 2282 licet
622 2238 735 2301 parum
751 2219 894 2300 elegans,
918 2219 1043 2301 integer

45 2339 48 2345 ’
90 2331 143 2410 ,et
165 2323 326 2389 emendis
342 2344 440 2407 purus
455 2329 606 2406 exstaret,
631 2323 718 2388 haud
732 2325 942 2409 ambigerem,
967 2325 1043 2407 quin

36 2518 40 2529 Ἰ
91 2431 296 2517 ,mortalibus
314 2430 445 2511 cunctis,
470 2429 529 2495 sed
545 2431 721 2515 praecipue
736 2431 1045 2508 medicinaecondi-
1122 2419 1123 2422 ¹

91 2537 195 2622 ,datis
219 2557 315 2618 qurum
337 2537 380 2601 ad
403 2539 536 2602 tutelam
559 2537 705 2602 sanitatis
724 2543 790 2602 tum
806 2539 850 2603 ad
863 2540 1046 2603 morborum

91 2644 309 2730 ,curationem
334 2649 421 2709 esset
442 2643 579 2709 idoneus
603 2651 635 2710 et
650 2644 833 2728 cumprimis
847 2645 1047 2711 necessarius

91 2751 220 2836 ,quoad
232 2741 439 2837 διαιτῃικῆν,
456 2770 540 2832 quae
551 2751 717 2835 potissima
733 2753 801 2819 eins
817 2753 894 2818 artis
911 2759 960 2819 est
974 2772 1047 2837 por-

161 2982 186 3049 *)
210 2983 253 3036 Ibi
272 2987 382 3037 centum
408 2979 467 3037 fere
486 2982 565 3037 annis
585 2987 650 3037 ante
670 2982 795 3037 codicem
814 2983 957 3037 inventum
977 2980 1049 3039 refe·

89 3059 154 3109 runt
179 3054 288 3122 aliquot
313 3055 366 3108 viri
390 3055 418 3108 in
441 3054 551 3108 Fabric.
576 3053 648 3108 Bibl.
667 3055 729 3107 Lat.
749 3053 781 3107 Τ.
796 3055 819 3108 1.
838 3069 865 3122 p.
880 3054 940 3108 501.
967 3055 995 3108 in
1013 3055 1048 3109 iis

89 3124 179 3194 Beyle
198 3125 318 3178 Dietion.
339 3124 402 3178 hist.
422 3124 451 3178 iu
463 3124 548 3193 Apic.
578 3123 615 3179 Ge
635 3123 704 3179 libre
723 3123 766 3178 fut
785 3127 884 3180 trouve
904 3126 974 3180 dans
993 3125 1050 3181 l’ile

90 3195 126 3251 de
145 3195 330 3264 Maguelonne
349 3197 449 3264 eupres
468 3195 503 3250 de
522 3195 700 3263 Montpellier
717 3210 769 3263 par
787 3195 917 3251 Albanus
930 3196 1050 3252 Torinus

91 3268 139 3336 qui
164 3267 190 3321 le
215 3266 312 3334 publia
334 3268 352 3321 b
376 3267 446 3322 Belle
474 3267 564 3322 donce
587 3282 638 3321 ens
662 3269 753 3335 apres.
775 3267 796 3322 il
820 3269 899 3324 auoit
918 3270 964 3323 ete
983 3268 1050 3340 (teja
1152 3292 1155 3295 ·

91 3339 191 3392 trouve
217 3336 329 3391 ailleurs
357 3339 421 3405 pres
445 3337 480 3392 de
500 3344 563 3393 cent
582 3353 632 3392 ans
651 3346 825 3407 suparavant
843 3355 909 3395 sous
928 3339 955 3394 le
973 3339 1050 3408 Pape

91 3408 207 3463 Nicetes
221 3407 253 3462 V.
273 3422 324 3476 par
342 3406 439 3462 Enoch
458 3407 595 3464 d’Ascoli.
615 3410 633 3463 il
653 3427 672 3480 y
690 3410 769 3464 avoit
787 3425 824 3465 eu
843 3413 908 3466 titre
926 3411 962 3466 lt.
983 3409 1051 3466 Gue-

52 3528 61 3537 .
92 3479 173 3535 cilius
191 3479 319 3548 Apicius.
338 3477 413 3533 terne
431 3478 501 3535 haec
518 3481 544 3534 si
563 3495 629 3534 rere
647 3481 779 3545 manavit,
799 3482 941 3551 quaeritur
959 3481 1052 3538 adhuc

93 3550 141 3606 ubi
160 3550 197 3605 sit
216 3551 239 3604 is
257 3549 337 3606 liber.
362 3566 396 3606 eo
416 3566 471 3605 non
490 3566 570 3606 usum
588 3550 724 3606 Albinum
750 3554 825 3606 omni
849 3553 967 3622 pignore
987 3570 1051 3610 eon·

93 3621 239 3686 tenuerim,
258 3622 346 3678 editio
365 3627 440 3679 certe
460 3622 607 3694 vestigium
626 3623 732 3680 codicis
750 3638 799 3678 ms.
820 3640 875 3680 non
895 3624 987 3682 hebet.

1113 3716 1122 3747 l
