2498 4178
147 424 187 491 16
550 422 700 481 Praelatio.

145 589 220 671 „tio
236 623 277 633 -
301 586 428 650 tulimus
451 585 536 651 hunc
559 584 725 650 nobiseum
749 586 790 650 ob
813 585 1031 651 venerandam
1047 606 1101 652 ve·

145 698 314 778 „testatem
337 713 396 776 pro
421 711 586 776 opsopoeo
610 691 643 755 in
675 690 877 756 Germaniam
908 698 972 757 tarn
995 692 1102 776 prodi-

146 801 258 888 „giose
283 805 474 882 corruptum,
507 803 541 863 ut
564 798 670 862 omnia
693 797 871 864 instaurare
899 799 969 864 sine
993 820 1100 865 emen·

145 907 291 995 „datione
315 905 428 971 codice
443 905 604 970 nonforct
626 904 754 969 humani
782 905 913 987 ingenii.
938 926 1099 990 quaprop-

146 1020 215 1100 ,ter
238 1019 270 1078 et
285 1011 494 1096 premendum
511 1013 609 1095 plane
624 1013 806 1092 censebam,
831 1011 936 1079 donec
959 1013 1101 1078 melioris

147 1120 301 1207 „alicuius
325 1118 519 1202 exemplaris
542 1117 634 1184 fieret
657 1117 761 1201 copia,
795 1118 880 1200 quod
908 1139 1101 1202 acceperam

145 1247 240 1314 „esse
254 1226 346 1292 annis
363 1224 480 1292 abhinc
500 1227 572 1309 plns
588 1226 692 1292 minus
709 1227 941 1310 qninquaginta
958 1226 1102 1292 Venetiis

146 1354 365 1422 ,expressum
390 1352 504 1399 moveo
527 1333 636 1415 itaque
660 1354 784 1399 omnem
814 1323 956 1420 lapidem
983 1333 1103 1398 frustra

147 1442 325 1529 „triplicem
336 1439 542 1523 trieteridem,
559 1460 622 1523 quo
637 1440 768 1507 tandem
780 1448 924 1526 tempore
941 1441 997 1528 (Is.
1014 1442 1101 1507 Hon-

101 1535 105 1541 ’
147 1554 254 1635 ,terno
268 1546 475 1634 Coronensis)
493 1567 534 1614 ex
549 1548 790 1614 Transsilvania
804 1547 882 1612 illud
898 1546 1102 1614 venetianum

148 1654 291 1742 „accepi
306 1653 393 1736 quod
406 1654 459 1719 nbi
470 1654 671 1738 accepissem
679 1654 776 1737 longe
790 1653 995 1738 depravatius
1006 1673 1102 1736 quam

149 1762 409 1849 „magalonense
433 1761 537 1826 abieci
561 1781 689 1826 omnem
713 1761 831 1828 edendi
861 1781 962 1845 spem.
998 1761 1101 1828 ausim

23 1892 44 1915 ⁴
107 1947 110 1951 ¹
149 1867 254 1954 ,enim
277 1868 382 1933 iurare
407 1887 462 1933 eos
477 1869 530 1950 qui
547 1874 680 1949 utraque
695 1867 750 1932 illa
771 1868 968 1951 exemplaria
988 1888 1101 1934 exara-

49 2037 55 2045 .
148 1960 281 2060 „verant
304 1995 344 2040 ne
364 1975 530 2039 verbulum
544 1974 673 2058 quidem
695 1974 904 2056 intellexisse,
927 1974 973 2039 ita
995 1975 1102 2040 omnia

149 2076 356 2167 „simpliciter
369 2085 460 2144 erant
470 2079 656 2147 foedissime
669 2080 847 2165 depravata
859 2080 991 2146 vocibus
1008 2100 1102 2146 cunc·

149 2187 209 2274 „tis
232 2186 342 2252 vitiate
365 2186 490 2270 scriptis
514 2208 575 2253 nec
603 2189 732 2270 graecis
759 2208 819 2253 nec
843 2187 951 2252 latinis
974 2187 1103 2252 auribus

149 2293 315 2378 „cognitis
333 2292 401 2358 sine
415 2292 559 2358 diastolis
576 2298 608 2358 et
623 2294 758 2380 punctis,
776 2294 828 2359 vel
842 2292 957 2359 iisdem
974 2293 1102 2358 omnino

150 2398 397 2487 ,praeposteris
422 2419 505 2480 quae
521 2400 695 2465 sententias
712 2405 918 2480 commutare,
938 2400 1102 2486 amphibo-

150 2504 275 2590 ,logias
299 2503 394 2585 ciere,
418 2505 610 2587 labyrinthis
631 2526 788 2590 quemque
811 2507 863 2571 vel
886 2490 1104 2588 ingeniosissi·
1185 2577 1189 2595 Ι

151 2629 256 2694 „mum
271 2610 435 2676 involvere
451 2611 484 2675 in
501 2611 649 2678 confesso
673 2619 731 2679 est.
757 2613 869 2696 quibus
886 2613 1033 2678 monstris
1049 2611 1104 2679 de·

151 2715 272 2811 „territi
288 2715 462 2782 abiecimus
474 2724 640 2801 utrumqne
653 2719 799 2795 codicem
818 2738 878 2784 ceu
894 2718 1104 2802 deploratum.

151 2820 297 2906 „interim
322 2822 456 2887 studiosi
479 2824 608 2908 quidam
631 2826 820 2909 praesertim
849 2825 925 2890 artis
959 2823 1107 2892 medicae

152 2949 297 3017 „mecum
315 2929 529 3013 expostulant,
548 2950 627 3012 quur
643 2937 708 2996 tam
724 2910 1042 2998 vetustum'antorem
1059 2932 1106 3017 ip·
1134 2984 1142 2998 .

152 3036 216 3122 „sis
240 3037 496 3118 qualemcunque
519 3037 754 3103 communicare
777 3044 842 3103 tarn
867 3038 921 3103 diu
949 3037 1106 3122 differam,

152 3141 386 3229 „efflagitantes
401 3143 525 3208 interea
541 3164 582 3209 ne
599 3142 753 3210 abderam
773 3144 902 3229 diutius,
926 3146 985 3212 sed
1001 3146 1034 3211 in
1050 3166 1107 3233 pu·

152 3247 291 3336 „blionm
313 3268 371 3332 pro
395 3268 467 3314 meo
492 3249 632 3315 candore
666 3250 817 3315 emittam.
854 3252 990 3336 proinde
1023 3272 1109 3318 nuno

153 3355 333 3442 „edidimus
349 3355 490 3438 tandem,
514 3377 555 3422 ne
570 3357 632 3422 situ
646 3376 778 3441 prorsus
803 3366 1021 3426 emacesceret
1040 3360 1108 3443 ple·

154 3466 281 3550 ,risque
298 3464 422 3531 mendis
438 3470 547 3530 nostra
562 3485 662 3549 opera
685 3465 762 3532 satis
781 3465 997 3548 tumultuaria,
1021 3464 1108 3556 nullo
1129 3504 1144 3524 ι

146 3571 274 3659 ,saepe
290 3572 488 3657 suffragante
505 3572 691 3662 exemplari,
710 3572 854 3657 sublatis,
871 3572 955 3639 adeo
976 3578 1010 3638 ut
1029 3571 1110 3655 citra
