2498 4178
463 433 586 516 11111.
624 460 787 516 pandectes.
1055 459 1098 525 95
1150 530 1152 536 ,

142 621 209 688 lem
238 621 329 687 simul
358 621 464 686 tritum
493 627 526 687 et
554 621 656 687 facies
691 627 725 685 ut
754 619 886 685 ferveat.
921 640 991 685 cum
1015 621 1098 685 bene

143 709 307 790 fervuerit,
329 711 423 774 telles
446 710 642 791 fasciculum.
665 714 697 774 et
716 707 889 774 transferes
912 708 945 771 in
965 708 1098 772 alterum

143 800 321 865 caccabum
352 799 487 863 tisanam
518 799 564 864 sic
587 800 632 862 'ne
664 797 796 878 fungum
826 802 939 878 tangat
968 802 1099 882 prepter

144 889 383 953 conbusturam.
418 886 478 951 lias
515 892 547 951 et
581 887 721 950 collocas
758 885 791 948 in
827 886 968 950 caccabo
1003 905 1100 969 super

144 995 298 1044 acrenem
333 974 488 1040 calefiuru.
525 981 608 1040 teres
643 974 745 1058 piper,
785 973 966 1054 ligisticum,
1001 973 1100 1056 puleii

145 1133 230 1190 codd.
266 1132 443 1188 eeledium
474 1133 518 1188 od.
553 1149 593 1200 pr.

146 1204 325 1260 colevium
354 1204 435 1258 codd.
469 1203 595 1258 206111

146 1291 204 1330 uuo
223 1291 281 1343 par.
294 1275 459 1343 puleium,
478 1290 530 1342 pre
541 1289 597 1343 qua

146 1345 240 1402 forma
258 1352 301 1401 est
319 1345 596 1414 poleiumap.1si-

146 1417 209 1472 dor.
230 1417 272 1480 11,
282 1418 307 1480 9,
318 1417 360 1471 59.
379 1417 452 1470 uude
468 1416 552 1484 polsi.
564 1445 596 1457 -·

148 1487 373 1542 colocasium
410 1487 489 1541 Hum.
520 1487 597 1542 cuius

147 1558 260 1613 rotulae
279 1558 316 1612 ad
334 1559 376 1612 ius
386 1557 527 1612 adduntur
537 1557 597 1611 218.

149 1623 273 1684 celifium
291 1628 432 1697 explicant
444 1629 524 1697 panis
534 1643 599 1698 azy·

149 1700 190 1754 mi
208 1705 336 1754 crustam.
356 1699 430 1753 idem
449 1699 494 1754 vel
510 1699 599 1754 simile

148 1786 251 1825 nomen
276 1787 341 1825 mex
363 1770 436 1825 redit
454 1771 495 1824 sic
514 1771 599 1838 scrip·

149 1847 225 1896 tum:
269 1839 409 1903 celsium,
447 1839 600 1897 colefrium.

150 1906 309 1975 celestium,
335 1911 482 1975 colevium
507 1912 599 1966 11111-

149 1983 232 2046 sium,
269 1983 416 2041 colonium.
454 1982 598 2045 colesium,

151 2053 326 2117 coloestium,
360 2053 494 2116 solidum,
523 2054 599 2108 eole-

150 2122 228 2187 lium‚
254 2124 425 2186 celerrimum,
447 2122 599 2186 oeloefrim

151 2194 332 2263 coloephrim
359 2194 491 2257 celesum,
517 2188 600 2250 11111-

150 2282 219 2320 uum
228 2281 272 2334 ap.
283 2266 417 2335 Pelagos.
428 2282 455 2334 p.
465 2266 508 2318 41.
519 2265 600 2320 Hum.

152 2338 253 2392 iterum
281 2337 392 2405 scripsit
424 2337 600 2399 colocasium,

153 2408 232 2462 cuius
266 2405 335 2463 felia
369 2408 504 2462 latissima
540 2422 602 2462 esse

153 2485 275 2534 testatur
292 2479 398 2533 Plinius
417 2480 461 2542 21,
478 2479 520 2532 61.
544 2493 602 2531 car-

152 2550 225 2604 nes'a
243 2556 272 2604 et
284 2550 375 2617 spissa
387 2548 525 2616 Theophr.
537 2547 600 2602 hist.

151 2621 191 2690 pl.
210 2623 236 2683 4,
246 2621 272 2684 8,
286 2622 309 2673 7.
328 2626 430 2689 sponte
451 2635 484 2673 ae
503 2625 603 2673 natura

152 2706 285 2753 concava,
303 2697 428 2758 paterae,
438 2691 538 2758 pelusi,
558 2703 603 2743 ca-

152 2763 205 2816 tini
224 2767 253 2816 et
275 2761 374 2832 scyphi
394 2760 513 2817 formam
532 2758 602 2814 refe·

152 2833 244 2886 rentia
265 2832 367 2886 Strabo
388 2834 430 2895 17,
452 2831 537 2894 1,15.
566 2829 600 2884 11.

152 2903 270 2957 Salmas.
286 2906 314 2957 in
323 2903 408 2958 Solio.
423 2920 450 2972 p.
462 2904 513 2956 619
524 2917 601 2971 seqq.

152 2989 208 3029 nen
227 2973 308 3037 male,
328 2990 388 3028 cum
408 2971 603 3029 sicioliamal·

152 3059 250 3099 varum
269 3045 483 3110 substernuntur
498 3049 527 3098 et
541 3058 603 3098 eec-

152 3120 217 3169 tura
234 3110 315 3169 finita
333 3116 469 3170 tolluntur
480 3116 539 3168 181.
554 3114 603 3168 illa

153 3200 215 3241 esse
234 3187 404 3241 adiectivum
422 3201 553 3256 graecum
564 3184 603 3237 la-

153 3257 214 3311 tina
232 3258 426 3313 terminatione
446 3259 542 3312 datum
561 3271 603 3308 ar-

153 3334 287 3397 gumento
311 3344 372 3383 csse
399 3330 522 3390 eredunt,
542 3343 603 3380 cum

153 3398 240 3468 ἄκρων
253 3415 388 3454 summum
398 3399 531 3454 eeloeasii
541 3413 604 3452 cau·

154 3469 188 3525 lis
214 3471 349 3527 verticem
370 3476 503 3533 tenerum,
529 3470 604 3523 eibo-

154 3543 225 3596 rium
250 3543 502 3606 111111112128,
531 3542 605 3606 „iuu-

155 3612 603 3687 geublatttrieb“DierbaclrFler.

649 1133 720 1199 apic.
740 1137 761 1196 ξ.
781 1131 823 1186 40.
850 1129 968 1198 κορυφὴν
985 1146 1035 1185 seu
1053 1150 1099 1180 xe-

650 1201 739 1267 φαλὴν,
768 1201 921 1270 capitulum
954 1196 1101 1269 significet.

650 1273 779 1342 equidem
798 1272 875 1326 aliud
888 1273 978 1327 selum
989 1273 1102 1327 caecabi

651 1343 840 1398 commendem
861 1343 980 1398 suadens
991 1343 1102 1412 legatur

652 1415 789 1482 celepium
814 1430 834 1468 1.
862 1412 998 1477 celadum,
1027 1414 1101 1470 cele-

651 1485 756 1554 phium,
775 1484 934 1553 coliphium
954 1485 1030 1555 qued
1046 1485 1101 1541 eal-

651 1557 708 1611 lum
744 1556 912 1625 tergedum,
956 1555 1103 1621 sclrwarte,

651 1626 851 1695 speeksehuitt‚
871 1633 900 1682 et
910 1627 1046 1692 celicium,
1057 1643 1103 1682 co-

652 1699 762 1762 lonium,
779 1700 903 1758 κωλίκιον,
914 1700 1038 1764 κωλῆνον,
1047 1719 1102 1748 κω-

653 1769 741 1835 λὴνιον
765 1785 811 1838 ap.
837 1768 913 1824 Suid.
933 1771 966 1823 Π.
993 1785 1021 1836 p.
1040 1769 1104 1824 374.

654 1840 764 1904 dicitur,
785 1838 819 1894 11.
838 1839 957 1909 interpp.
977 1840 1015 1894 ad
1024 1840 1104 1896 Iuve-

653 1911 708 1965 nal.
737 1913 762 1975 2,
790 1911 833 1965 53.
868 1912 982 1980 eiusque
1011 1910 1104 1966 Schol.

652 1997 680 2050 p.
699 1981 761 2036 342.
781 1982 841 2036 343.
868 1988 896 2037 11
923 1981 1026 2049 xillae
1049 1982 1104 2035 Eu·

653 2052 759 2106 stathie
785 2053 822 2106 ad
855 2053 905 2108 od.
927 2055 970 2115 21,
988 2052 1049 2106 407.
1075 2068 1103 2120 p.

655 2124 732 2186 1915,
753 2124 794 2184 17,
814 2129 857 2178 esi:
875 2123 974 2190 ταύρου
994 2121 1103 2189 inauxi-

654 2214 709 2244 νιον
727 2191 816 2259 δέρμα,
835 2193 907 2260 711χὺ
928 2192 1009 2260 δέρμα
1032 2192 1104 2247 Geo-

653 2281 719 2334 pen.
740 2266 781 2318 19.
801 2264 826 2325 6,
845 2265 869 2317 3.
890 2269 1048 2326 1111111111,
1074 2269 1105 2317 ut

657 2352 718 2390 cum
737 2335 877 2388 adiectivo
902 2336 939 2388 sit
957 2333 1104 2401 ἅκροκολὴ.

657 2425 725 2465 πιον,
744 2404 968 2473 acreeoliphium
995 2404 1107 2474 callum,

657 2476 733 2547 quod
758 2492 914 2543 supponere
940 2476 1032 2530 solent
1057 2492 1106 2529 no·

657 2548 707 2602 1111
736 2548 818 2616 coqui
844 2548 946 2601 caretis
972 2552 1001 2602 11
1026 2563 1106 2601 cucu-

657 2618 777 2674 meribus
811 2619 971 2686 coquendis,
1009 2618 1107 2686 pepuli

658 2688 808 2743 orientales
827 2689 980 2756 pulticulae
1000 2689 1044 2742 cui
1058 2705 1107 2743 no·

657 2775 718 2814 men
738 2759 840 2828 pillaw.
867 2760 942 2827 apud
960 2759 1060 2828 Veget.
1081 2760 1107 2822 2,

656 2831 760 2894 28,11.
786 2828 872 2884 habes
898 2846 1027 2885 aereuem
1053 2830 1107 2883 sal-

656 2918 716 2956 sum
735 2901 813 2968 porei
832 2901 943 2969 pinguis
962 2902 979 2953 i.
991 2917 1014 2954 e.
1032 2905 1108 2954 trun·

657 2972 748 3026 culrrm
771 2971 837 3033 suis,
862 2972 909 3039 qui
937 2970 1024 3038 ἄκρων
1049 2975 1108 3036 χοί-

658 3061 722 3110 perae
740 3042 851 3103 dieitur,
871 3040 906 3095 cf.
926 3042 963 3095 ib.
983 3042 1009 3104 5,
1027 3041 1071 3103 65,
1082 3042 1106 3093 2.

657 3115 682 3176 6,
702 3115 727 3175 6,
748 3114 770 3165 1.
801 3111 944 3179 inerudita
969 3117 1108 3166 extremas

657 3188 760 3253 partes,
780 3184 922 3250 nipedes,
941 3184 1045 3251 passim
1060 3182 1108 3236 ha-

658 3255 763 3309 bemus.
785 3285 816 3292 -
843 3252 918 3310 forte
939 3254 1109 3324 iungendum

661 3332 707 3392 „ut
734 3325 773 3379 ibi
808 3331 963 3394 coquantur
994 3331 1110 3393 prepter

659 3400 781 3452 sueum“.
802 3413 904 3465 —pro
925 3397 1050 3451 codicum
1071 3396 1109 3449 li-

658 3483 721 3537 gas
743 3473 771 3521 et
790 3467 992 3529 1851861114,
1012 3466 1110 3534 scripsi

658 3541 729 3593 lias
749 3538 821 3608 lyae,
847 3539 948 3607 liques,
967 3538 995 3590 in
1014 3537 1110 3592 hume·

659 3626 717 3665 rem
736 3609 855 3664 resolvis
875 3616 903 3664 11
918 3608 1053 3681 liquidum
1061 3607 1110 3693 hu:
