2498 4178
488 452 642 513 Praelatio.
996 454 1039 523 25

84 622 199 689 thecae
222 620 337 688 medic.
359 619 492 686 laurent.
509 619 648 685 Florent.
664 615 740 683 mihi
756 617 871 683 dicitur
886 616 919 704 o)
943 638 1040 684 manu

84 730 279 815 peritissima
301 729 388 797 Petri
411 729 452 796 de
474 729 572 795 Furia
597 727 717 815 (Pictro
741 727 796 793 dal
817 727 915 794 Furia
937 728 1039 796 archi·

85 839 168 904 vista
192 839 225 904 di
247 838 395 926 Firenne)
419 838 615 925 descriptum
637 855 701 901 una
724 855 796 903 cum
819 835 949 902 minoris
973 856 1039 902 mo·
1151 919 1154 924 .

85 946 184 1012 menti
207 946 430 1012 collationibus
460 946 554 1011 trium
578 941 735 1026 codicum,
760 943 823 1010 cod
846 945 906 1010 ’26
936 944 1049 1012 codic

84 1053 274 1120 riccardian.
290 1054 431 1119 Florent.
444 1053 553 1137 scripti
566 1073 586 1118 a
597 1051 731 1118 Paoutio
745 1050 864 1118 Sabino
880 1072 923 1116 an
944 1052 1039 1118 1464.
1104 1072 1108 1079 ’

83 1160 248 1226 Bononiae
272 1158 364 1248 (mihi
379 1165 429 1226 est
441 1157 481 1245 ζ),
507 1165 538 1226 ct
562 1158 633 1226 cod.
652 1159 704 1224 29,
727 1157 902 1224 eorundem
919 1163 951 1225 ct
966 1158 1037 1227 cod.

84 1269 124 1333 67
129 1322 134 1330 .
161 1266 295 1355 (mihis
316 1272 348 1333 et
362 1265 395 1354 κ)
420 1266 494 1360 olim
517 1266 682 1332 stronzian.
706 1286 790 1331 nunc
812 1264 946 1333 laurent.
965 1266 1039 1332 Flo·

83 1381 163 1441 rent.
191 1375 244 1456 qni
267 1395 419 1457 magnam
441 1374 591 1439 lacunam
610 1373 707 1439 habet
730 1359 797 1455 a&
814 1368 860 1439 '70
880 1372 922 1438 ad
948 1393 1040 1459 „cum

83 1481 236 1548 ferverit“
262 1482 385 1564 §.17st
410 1480 613 1547 adiunxisses
635 1479 741 1545 varias
769 1479 924 1546 lectiones
953 1480 1040 1546 codi-

84 1591 130 1655 cis
160 1589 193 1653 in
224 1589 339 1654 Museo
362 1587 526 1653 Laurentii
552 1587 696 1670 Pignorii
718 1587 866 1652 Patavini
895 1586 997 1674 (citati
1020 1609 1041 1654 a

83 1695 299 1796 Montfaucon.
326 1694 508 1762 Bibliotbcc
542 1693 768 1762 Bibliothecar.
784 1695 806 1759 I.
826 1715 858 1778 p.
876 1694 956 1781 487)
979 1694 1041 1760 nisi

17 1882 20 1885 v
84 1803 275 1869 evanuisset.
324 1802 377 1868 Sic
402 1802 617 1871 tenacioribus
636 1823 688 1868 me
702 1803 764 1868 iilis
777 1802 960 1886 implicuisti
973 1802 1039 1885 qui·
1151 1869 1155 1884 ,

83 1912 141 1976 bns
165 1930 226 1975 nec
249 1909 359 1974 volam
384 1928 445 1975 nec
458 1915 572 1993 potero
588 1929 728 1993 unquam
745 1908 907 1994 explicari.
929 1909 1040 1976 aureis

83 2015 293 2102 compedibus
326 2015 429 2081 teneri
456 2015 564 2082 dulce.
611 2017 660 2081 Tu
690 2038 792 2104 perge
830 2038 944 2083 ornare
977 2018 1038 2083 isto

81 2128 178 2207 pacto
201 2143 254 2187 me
277 2123 330 2188 vel
350 2122 579 2206 immerentem,
602 2144 667 2189 non
682 2125 785 2190 minus
803 2125 886 2190 enim
901 2124 1038 2208 plerum·

83 2250 144 2314 que
169 2229 312 2296 delectat
335 2229 418 2294 falsa
443 2250 538 2312 quam
557 2251 635 2297 vera
648 2232 729 2314 laus,
753 2232 834 2298 sicut
849 2232 970 2314 gratius
986 2251 1038 2297 ac-

84 2337 160 2402 cidit
182 2336 251 2402 fere
276 2335 362 2420 quod
394 2336 479 2403 dono
508 2338 601 2404 datur
625 2358 720 2420 quam
744 2337 830 2420 quod
854 2359 894 2404 ex
918 2337 1037 2405 debito.

80 2443 114 2510 id
139 2444 212 2510 Tibi
234 2464 423 2528 persuasum
447 2444 542 2510 velim
575 2466 614 2511 ea
642 2445 690 2511 Te
718 2464 843 2511 mecum
866 2444 983 2511 amoris
1007 2450 1039 2512 ot

20 2569 21 2572 ’
83 2552 177 2617 officii
190 2551 405 2617 fundamenta
429 2552 555 2633 iecisse,
579 2557 614 2617 ut
628 2551 714 2617 nullo
732 2573 809 2618 casn
824 2571 928 2633 ruere,
951 2552 1039 2619 nulla
1118 2626 1122 2635 ‚

81 2678 116 2723 re
140 2658 277 2724 convelli
299 2658 438 2741 possint,
471 2658 560 2724 effice
584 2659 635 2722 Tu
657 2658 753 2724 bomo
776 2680 840 2724 non
863 2659 967 2724 minus
989 2660 1037 2725 lit-
1093 2719 1094 2722 ,

82 2765 291 2831 teratissimus
307 2784 401 2846 quam
416 2765 649 2848 integerrimus,
664 2772 700 2831 ut
714 2771 789 2831 voto
804 2766 953 2833 fruamur.
977 2765 1038 2833 scd

84 2878 171 2938 certe
195 2893 263 2937 sum
287 2872 414 2954 longior
436 2870 553 2936 amoris
576 2871 703 2938 vinculo
727 2876 888 2937 extractus
908 2892 970 2956 quo
989 2873 1037 2939 Tc

82 2979 279 3061 complector
310 2977 444 3061 coloque
472 2982 568 3062 atque
597 2978 747 3059 admiror,
777 2978 870 3043 nimis
898 2978 1037 3044 fortusse

82 3085 154 3149 Tim
179 3085 341 3165 molestus,
365 3084 472 3165 itaque
495 3083 560 3149 iam
583 3084 738 3150 desinam.

149 3191 285 3254 Parvum
302 3189 430 3274 quidem
445 3191 515 3255 Tuo
530 3191 650 3256 nomini
661 3176 811 3257 ¹libellum
831 3190 957 3272 dedico,
977 3189 1036 3256 sod

81 3303 115 3361 ut
139 3315 235 3380 spero
260 3317 321 3362 nec
343 3297 471 3362 inanem
499 3307 605 3362 rerum
635 3318 696 3363 nec
718 3298 856 3382 inopem.
881 3297 980 3362 multa
1004 3302 1036 3362 et

79 3408 203 3468 remota
225 3402 331 3485 lectio,
355 3403 453 3468 multa
474 3402 561 3467 illum
581 3403 729 3469 formavit
746 3424 855 3487 opera.
891 3403 941 3466 Tu
957 3422 1034 3468 vero

81 3510 202 3575 electus
224 3509 424 3593 potissimum
447 3507 479 3571 in
509 3508 598 3573 ouius
621 3514 779 3592 appareat
801 3509 938 3588 nominc,
970 3528 1034 3573 non

80 3635 142 3702 qno
165 3636 234 3681 rem
253 3616 410 3683 tantillam
424 3620 535 3683 tantae
549 3614 657 3679 virtuti
673 3615 884 3701 fortunaeque
900 3615 1034 3684 arbitrer
