2498 4178
365 465 424 525 Lib.
443 466 491 527 IV.
528 467 690 528 Pandantes.
844 464 850 473 “
978 468 1021 540 85

65 629 133 696 tam
152 627 267 711 mittes,
300 628 374 695 exin
398 627 607 718 [condituram
630 628 672 697 de
694 627 841 719 hostreis]
864 629 965 698 facies
988 638 1022 699 ut

65 717 201 786 ferveat.
235 738 306 784 cum
338 718 499 800 fervuerit,
529 719 661 802 franges
693 740 755 785 ova
782 721 839 787 Xl.
871 719 1021 788 infundes

65 826 165 962 supra
199 806 337 874 hostrea.
374 827 444 874 cum
479 808 652 890 strinxerit,
686 808 779 894 piper
809 810 958 896 aspargis
990 815 1022 880 et

64 915 98 962 ιιι
114 915 194 963 eres.

158 984 230 1051 152.
266 985 415 1053 Patina
442 985 492 1053 de
514 984 634 1069 pisce
657 985 773 1069 lupo:
809 990 894 1051 teres
916 985 1020 1074 piper,

65 1072 225 1156 ciminum,
257 1073 487 1158 petresilinum,
518 1080 631 1158 rutam,
664 1095 787 1163 cepam,
819 1081 891 1158 mel,
920 1075 1020 1161 liqua-

64 1182 149 1245 men,
174 1182 313 1247 passum,
338 1164 401 1230 olei
423 1169 539 1247 guttas.

48 1278 50 1283 ·
136 1252 208 1317 153.
243 1251 391 1318 Pisces
415 1252 664 1337 scorpiones
693 1251 933 1340 rapulatos:
969 1274 1020 1321 co-

64 1339 136 1422 quis
159 1339 194 1406 in
215 1340 389 1423 liquamine
413 1346 445 1407 et
469 1340 539 1407 oleo
565 1347 596 1407 et
620 1361 690 1408 cum
713 1339 746 1405 in
766 1339 903 1406 mediam
924 1361 1020 1407 vene·

63 1428 129 1494 rint
145 1435 316 1511 cocturam,
340 1430 444 1496 tolles.
491 1449 589 1518 rapas
610 1430 721 1512 elixas,
746 1428 894 1495 madidas
915 1435 947 1496 et
963 1431 1020 1494 mi-

64 1517 229 1584 nutissime
253 1519 399 1584 concisas
424 1519 569 1585 manibus
590 1518 804 1606 depressabis,
827 1524 863 1584 ut
878 1537 1021 1586 umorem

65 1626 131 1672 non
152 1606 304 1689 habeant,
337 1612 368 1674 et
399 1627 469 1673 oum
492 1607 582 1694 pisce
606 1608 731 1691 obligas
760 1612 792 1673 et
815 1607 927 1675 bulliat
949 1627 1021 1674 oum

11 1740 16 1754 .
65 1694 138 1761 oleo
161 1694 300 1762 abunde.
326 1703 452 1762 etcum
476 1696 623 1778 bullierit,
648 1701 733 1762 teres
757 1696 914 1779 ciminum,
938 1695 1021 1762 lauri

65 1785 180 1851 bacam
212 1783 387 1866 dimidiam,
419 1784 522 1850 addes
552 1791 684 1872 propter
713 1784 852 1852 colorem
882 1804 1019 1851 crocum.

64 1873 221 1939 amolabis
246 1872 287 1938 de
311 1873 414 1939 oddia
435 1879 567 1959 propter
579 1873 828 1960 spissitudinem.
853 1872 1020 1962 superfun-

64 1960 123 2029 des
148 1968 179 2027 et
201 1967 275 2027 tunc
301 1962 429 2028 inferes.
454 1961 557 2028 addes
580 1963 738 2029 modicum
763 1968 898 2030 acetum.

63 2137 136 2194 enim
150 2142 266 2194 eatenus
282 2138 516 2194 circumcideban-

62 2216 109 2264 tur
122 2224 177 2278 qua
187 2209 352 2272 edebantur,
364 2209 459 2266 Senec.
471 2226 515 2278 ep.

64 2281 106 2344 15,
126 2282 151 2346 3,
168 2282 210 2335 21.
231 2311 264 2318 -
284 2281 435 2336 similatus
456 2282 515 2336 128.

63 2352 100 2407 de
129 2351 280 2421 liquamine
310 2352 354 2407 bis
388 2352 515 2407 adhibito

62 2421 175 2478 ibidem.
196 2420 231 2477 ci.
251 2428 281 2478 et
301 2424 360 2477 169.
378 2454 409 2460 —
437 2423 516 2478 exin

63 2509 133 2549 corr.
152 2509 205 2562 pro
224 2499 260 2548 et
279 2493 326 2548 in.
348 2495 515 2562 compositio

61 2564 132 2620 haec
141 2563 265 2619 videtur:
279 2579 451 2633 oenogarum
462 2564 515 2619 fer-

61 2633 213 2698 vefactum,
224 2642 356 2690 constans
366 2651 400 2690 ex
409 2637 513 2705 pipere,

60 2705 221 2777 liquamine,
231 2707 305 2770 vino,
317 2707 381 2761 oleo
390 2712 419 2760 et
427 2713 514 2761 ostre-

61 2777 95 2841 is,
117 2792 201 2845 snper
225 2776 326 2845 pulpas
346 2773 511 2832 subassa'tas

61 2847 188 2932 denticis,
208 2854 330 2931 auratae
356 2853 385 2903 et
403 2848 514 2917 mugilis

60 2935 90 3042 ll
106 2923 513 3052 ttttlafltlttlttll?

60 3057 214 3113 funduntur
224 3064 253 3114 et
264 3074 325 3113 cum
332 3063 424 3113 totum
431 3061 512 3114 strin-

36 3128 133 3184 ·xcrit
159 3144 210 3184 seu
236 3129 308 3184 bene
337 3129 456 3192 duxerit,
484 3131 512 3185 in

59 3216 143 3255 uuum
154 3205 282 3255 coactum
290 3198 375 3255 fuerit
385 3201 433 3268 (ad
440 3201 511 3266 147),

57 3268 512 3397 dimississet-utsii·

57 3416 307 3480 terpreramentum
329 3413 408 3466 vocis
427 3429 511 3467 oeno-

57 3497 156 3551 garum
185 3480 285 3538 habeo.
315 3497 422 3551 super
449 3482 510 3538 ho-

57 3557 159 3608 strea
176 3567 262 3620 super
281 3552 455 3609 condituram
474 3555 509 3609 de

57 3621 178 3684 hostrein
197 3628 227 3678 et
244 3621 369 3697 pulpam.

615 2139 660 2193 -ad
675 2139 735 2194 152.
754 2139 862 2209 lupus
880 2155 963 2208 perca
979 2141 1019 2196 la·

569 2209 641 2264 brax
664 2211 723 2264 Lin.
749 2210 845 2280 λάβραξ
868 2210 973 2267 Athen.
994 2213 1019 2276 7,

569 2283 611 2335 86.
624 2283 666 2335 87.
687 2283 799 2336 Lucian.
812 2283 910 2351 piscat.
922 2283 967 2342 48.
980 2284 1018 2338 ad

569 2354 666 2408 Horat.
686 2369 765 2407 serm.
786 2355 812 2417 2,
828 2355 853 2416 2,
866 2354 910 2408 31.
930 2370 1018 2410 meer-

569 2423 642 2478 wolf
656 2422 748 2479 adhuc
766 2424 852 2479 audit.

622 2494 660 2548 ad
688 2495 747 2549 153.
784 2510 818 2551 aa
851 2495 1017 2563 compositio

570 2581 631 2619 eum
641 2567 821 2634 sequentibus
831 2565 868 2619 ad
879 2566 938 2621 165.
953 2572 1019 2622 suut

569 2652 604 2691 ex
618 2637 773 2705 Excerptis.
793 2637 903 2705 scorpio
914 2638 1016 2692 51415.

568 2705 734 2762 Aristotelis
753 2709 926 2778 aliorumque
944 2726 1017 2778 σκορ-

569 2783 635 2838 πίοι,
654 2778 736 2833 Plinii
750 2781 794 2843 32,
809 2780 868 2833 151.
888 2794 1016 2848 scorpae-

568 2863 612 2910 na,
632 2848 731 2904 Okenii
746 2865 1017 2918 scorpaenaporcus,

569 2918 767 2989 drachenkopf.
779 2936 814 2973 ra
819 2936 837 2988 p
845 2920 969 2974 alatos
982 2937 1016 2975 ex

567 2990 671 3056 rapulis
690 3006 712 3044 s.
732 2991 806 3059 rapis
822 2995 1014 3058 praeparatos.

566 3059 662 3115 lexicis
681 3061 763 3116 adde.
783 3061 882 3116 cocis
901 3061 964 3116 cod.
980 3062 1015 3117 de

566 3146 622 3254 pua
647 3146 714 3186 vera
738 3132 817 3187 verbi
847 3129 937 3187 forma
967 3132 1016 3186 alii

586 3202 702 3256 inerunt.
735 3218 808 3257 cum
836 3203 1014 3258 mediave-

566 3272 639 3326 rint
658 3279 808 3328 coctura
827 3274 888 3329 cod.
914 3274 946 3328 in
965 3275 1010 3329 ab·

565 3348 691 3410 sciptum
710 3344 807 3399 addidi
823 3351 852 3400 et
863 3345 969 3400 correxi
980 3361 1014 3400 ex

565 3414 626 3466 369.
647 3415 1012 3472 utumoremnonhab.

564 3490 596 3538 ut
614 3484 809 3541 exbromentur
821 3488 880 3540 216.
895 3492 1013 3542 etcum

564 3570 633 3608 corr.
652 3571 704 3622 pro
730 3558 847 3611 etiam.
875 3588 906 3595 —
932 3556 1012 3612 bul-

562 3624 647 3682 livit
677 3626 738 3685 cod.
773 3628 810 3688 ad
835 3628 878 3685 50.
910 3626 1012 3684 dimi·
1083 3675 1088 3682 .
