2498 4178
147 381 211 452 120
534 383 594 440 bib.
618 382 662 441 v1.
700 384 851 456 Trepetas.

212 544 286 611 223.
318 545 364 610 In
394 543 622 630 palumbis,
652 545 873 613 eelumbia·
896 545 1044 635 [avibus
1079 547 1108 615 in

143 631 232 700 altile
257 639 288 699 et
310 633 343 699 in
360 633 446 700 fenie
468 632 570 722 ptem]
594 632 769 699 inassis:
792 634 904 719 piper,
919 637 1107 720 iigistieum,

142 721 354 804 coriandrum,
388 654 526 804 turgum,
558 742 671 806 eepam
700 721 830 805 sieeam,
864 732 1030 810 mentam,
1059 727 1106 793 evi

141 810 293 892 vitellum,
326 810 489 895 eurietam,
509 811 583 894 mel,
620 816 756 893 acetum,
785 811 968 898 liquamen,
1001 816 1105 884 eleum

142 906 175 969 et
198 899 313 965 vinum.

210 988 285 1055 224.
321 987 422 1055 Aliter
451 986 559 1054 elixis:
590 988 692 1076 piper,
724 1007 862 1071 eareum,
896 989 956 1076 api
984 1011 1105 1072 semen

143 1074 384 1165 [petresilinum]
401 1076 647 1158 condimentum,
653 1077 835 1159 bertarium,
849 1079 1025 1164 earietem,
1033 1082 1103 1164 mel,

142 1171 280 1251 aeetum,
305 1168 413 1232 viuum
428 1172 460 1233 et
476 1168 581 1233 eleum
596 1165 723 1234 medies
747 1172 780 1232 et
801 1185 938 1251 senape.

212 1256 286 1323 225.
323 1255 440 1321 Aliter:
465 1255 568 1343 piper,
592 1255 774 1340 ligistienm,
790 1256 1033 1340 petresilinum,
1052 1258 1104 1345 api

142 1364 265 1428 semen,
289 1350 401 1426 rutam,
425 1344 567 1428 nucleus,
600 1343 762 1427 earietam,
786 1343 860 1426 mel,
890 1351 1038 1431 acetum,
1068 1346 1102 1414 li·

143 1453 292 1517 quumen,
316 1452 440 1518 senape
463 1440 496 1499 et
517 1434 623 1503 eleum
645 1432 782 1499 mediae.

212 1523 286 1588 226.
323 1522 440 1588 Aliterz
464 1522 567 1610 piper,
589 1521 772 1605 ligistieum‚
795 1521 883 1587 iasar
897 1521 1022 1605 vivum,
1039 1523 1101 1590 suf·

142 1608 251 1677 lundis
279 1610 460 1694 liquamine,
492 1612 623 1677 vineat
652 1610 824 1695 liquamine
845 1612 1049 1695 temperabis
1071 1617 1101 1679 et

142 1699 239 1767 mittis
263 1718 360 1854 ssuper
383 1699 627 1767 eelumbumvel
640 1699 833 1784 palumbum.
850 1697 965 1786 pipere
987 1721 1099 1787 aspar·

142 1806 212 1854 sum
235 1809 267 1855 m
283 1808 364 1856 eres.

211 1878 287 1943 227.
325 1879 393 1942 lus
416 1877 457 1942 in
481 1875 667 1943 diversis
691 1876 858 1943 avibus:
882 1875 988 1962 piper,
1013 1877 1099 1944 eimi·

143 1984 218 2032 uum
252 1965 390 2047 irietum,
426 1964 608 2047 ligistieum,
641 1971 793 2045 mentam,
837 1984 941 2030 uvam'
968 1986 1099 2051 passam
1154 1967 1157 1974 ’

144 2055 347 2124 enucleatam
371 2059 427 2121 aut
449 2052 656 2136 damascena,
680 2053 746 2119 mel
767 2053 904 2121 medice.
927 2053 1005 2120 vine
1027 2054 1099 2121 mir·

142 2149 196 2212 tee
220 2141 427 2232 temperabis,
451 2147 555 2223 aeete,
585 2141 759 2225 liquamine
783 2149 815 2208 et
837 2142 956 2208 eleum.
978 2143 1098 2212 ealefa-

142 2233 208 2301 eies
233 2240 265 2301 et
287 2231 426 2317 agitabis
449 2230 524 2316 apio
548 2236 581 2298 et
602 2230 753 2297 satureia.
1038 2257 1042 2263 ·

143 2413 211 2473 tum,
229 2409 298 2464 milli
317 2424 414 2479 genua,
440 2408 484 2463 eui
502 2406 594 2463 adhue
647 2406 805 2461 laserem
830 2421 890 2476 par.
917 2438 950 2475 .··
976 2424 1029 2478 pre
1048 2408 1098 2465 vi-

142 2478 172 2534 ld
189 2495 298 2534 nemen.
646 2493 724 2533 num
743 2492 814 2540 eerr,
830 2477 948 2534 vivum
966 2478 1099 2547 (adm).

197 2549 234 2604 ad
254 2549 314 2603 226.
334 2548 372 2602 ali
393 2553 444 2602 uet
458 2548 544 2605 verba
553 2549 593 2604 in·
646 2547 746 2604 lasaris
762 2546 885 2605 radieem
894 2550 955 2605 231.
965 2549 1027 2605 234.
1037 2550 1098 2609 238.

142 2618 214 2676 elusi
246 2635 264 2674 a
295 2563 409 2674 librario
436 2620 509 2675 male
540 2620 594 2676 bue
646 2620 707 2674 242.
728 2618 787 2674 245.
807 2619 948 2690 liquamen
966 2626 997 2678 et
1005 2621 1098 2677 vinnm

142 2688 281 2745 translata
299 2695 329 2744 et
347 2689 374 2743 in
393 2705 449 2744 une
462 2689 593 2747 lemmate
646 2697 690 2746 est
702 2705 883 2760 eenogarum.
896 2691 956 2762 liq.
970 2696 1098 2762 tempe·

143 2761 264 2819 eelleeta
282 2777 317 2817 ex
336 2759 396 2815 227.
415 2761 475 2816 232.
496 2760 556 2815 234.
646 2761 747 2816 rabia
763 2761 837 2816 idem
849 2760 907 2818 iere
918 2762 995 2832 qued
1005 2763 1097 2821 salies.

196 2832 234 2888 ad
243 2832 304 2888 224.
325 2847 485 2888 earenum
497 2832 594 2893 innon
702 2832 739 2887 ad
752 2833 813 2887 227.
835 2848 919 2900 ,aves
932 2834 1098 2905 intellegun-

144 2921 199 2962 une
218 2904 282 2960 leee
303 2904 363 2960 260.
378 2935 407 2942 -
428 2904 593 2974 petresil.
648 2908 694 2958 tur
711 2917 848 2973 passeres,
863 2905 996 2971 merulae,
1009 2905 1098 2961 seele-

97 2991 108 3009 ·
143 2977 421 3046 interpretamentum
431 2981 484 3039 est,
503 2975 540 3030 ad
550 2975 592 3030 56.
647 2989 740 3098 paces,
759 2975 963 3099 porphyrianos
981 2978 999 3060 i:
1014 2993 1039 3031 e.
1058 2972 1098 3031 fu·

142 3063 259 3174 ..itt
284 3045 593 3186 tibilimfflfli.
647 3060 808 3185 stillet
825 3061 1098 3181 bittit:

143 3202 248 3257 eepaea
273 3186 356 3242 Plinii
380 3187 424 3250 26,
443 3188 485 3242 84.
512 3188 593 3244 Dies·
648 3188 690 3250 10,
710 3187 752 3242 66.
771 3187 889 3243 Antbol.
909 3189 970 3243 Lat
992 3188 1095 3244 760.-

142 3259 232 3316 eeridi
266 3259 292 3321 3,
328 3257 387 3312 158.
422 3264 516 3324 uanam
555 3258 596 3312 di·
651 3257 797 3312 frictum
822 3259 859 3314 ad
878 3260 939 3314 212.
959 3289 992 3298 -·
1017 3258 1096 3314 mir·

142 3332 224 3394 eitun,
248 3325 473 3396 zwiebeipieffer,
498 3328 595 3385 sedum
650 3335 710 3383 tee
729 3343 789 3408 par.
809 3329 842 3384 H.
868 3345 919 3399 pre
938 3330 1044 3385 mirte
1064 3359 1096 3368 -

142 3416 249 3472 eapaea
266 3401 298 3456 L.
649 3398 829 3470 liquamen
839 3400 1011 3471 inpleribus.
1021 3397 1098 3471 qued

196 3474 234 3529 ad
253 3473 313 3528 225.
334 3471 416 3527 deest
434 3470 462 3525 in
480 3486 540 3540 par.
648 3470 672 3526 si
700 3485 803 3534 verum,
832 3473 962 3544 γαρέλαιον
989 3470 1097 3531 intelle-

196 3543 233 3602 ad
244 3544 304 3600 226.
325 3543 478 3601 lasarum
497 3541 593 3611 inser,
646 3541 769 3617 gendum
788 3548 838 3602 est
