2498 4178
145 395 188 468 20
548 393 697 458 Praefatio.

143 562 296 627 auxilium
325 562 395 627 fore
426 562 594 627 arbitratus
626 574 658 628 et
688 563 804 628 bonum
837 561 951 628 ducem
980 564 1108 630 bonnm

144 669 291 734 comitem
322 669 487 733 facturum.
520 668 636 733 mutuis
667 668 788 749 aliquot
816 669 958 754 epistolis
988 669 1032 735 de
1055 671 1107 736 in-

144 772 304 839 stituenda
326 775 448 840 ratione
473 774 647 840 communis
672 773 779 857 operis
798 774 903 839 missis
919 775 1025 840 exitus
1042 775 1108 841 fuit

143 884 178 942 ut
207 898 282 944 suas
313 881 499 946 collationes
525 899 650 946 mecum
681 880 930 945 communicaret
956 901 1059 965 seque
1084 905 1106 948 a

145 1004 221 1051 eura
243 985 392 1071 apiciana
404 993 590 1052 removeret.
616 992 689 1051 sunt
711 986 785 1051 illae
809 987 932 1052 codicis
958 988 1106 1054 vaticani

145 1093 231 1157 1146
262 1091 359 1180 (sigla
387 1093 455 1158 eius
485 1099 535 1158 est
563 1092 600 1178 β)
633 1093 836 1158 vetustissimi
869 1094 941 1159 circ.
967 1114 1033 1160 sec.
1058 1096 1102 1162 X.

144 1199 233 1265 cuius
255 1200 361 1264 varias
384 1198 538 1265 lectiones
556 1198 627 1282 jam
651 1199 774 1264 ondins
797 1197 853 1286 (cf.
870 1199 995 1265 Fabric.
1015 1201 1101 1269 Bibl.

142 1306 212 1371 Lat.
237 1307 275 1372 Τ.
295 1307 321 1370 Ι.
345 1305 562 1389 05011101.
587 1304 635 1391 d.)
666 1304 708 1370 ad
739 1305 917 1387 marginem
948 1305 1101 1374 editionis

142 1411 272 1476 minime
303 1411 535 1495 exspectationi
565 1410 790 1495 respondentis
821 1411 1016 1478 Torinianac
1041 1433 1101 1498 ap-

142 1517 292 1605 plnxerat
310 1518 387 1583 anni
409 1519 503 1584 1551.
526 1537 582 1584 eas
599 1517 668 1584 fere
676 1516 811 1583 inutiles
825 1538 845 1582 a
861 1517 1009 1583 Fabricio
1026 1540 1102 1585 cum

142 1624 382 1690 Almclovecnio
403 1624 457 1708 qui
477 1624 650 1690 editionem
663 1623 754 1688 illam
774 1625 1102 1692 amstelodamensem

143 1751 195 1797 an.
220 1731 396 1797 Mooolx.
422 1724 545 1796 cura‘vit
573 1731 719 1797 absoluto
742 1729 807 1794 iam
830 1750 928 1814 opere
957 1751 1099 1812 commu·

142 1839 266 1905 nicatas
295 1843 370 1922 post
398 1857 474 1924 pag.
496 1840 570 1904 niu
602 1837 703 1903 habes
732 1837 872 1922 indeque
902 1857 1034 1904 recusas
1065 1841 1100 1905 in

142 1945 384 2012 bernholdiana.
408 1951 544 2028 suntque
572 1945 650 2011 item
673 1943 921 2011 vaticani.ll45
950 1943 982 2030 (y
1005 1945 1100 2033 mihi)

143 2071 207 2118 seo.
232 2053 318 2118 XIV.
344 2052 447 2116 minus
467 2052 543 2117 boni
563 2058 595 2117 et
610 2051 744 2135 parisini
763 2051 849 2115 6167
864 2050 905 2138 (π
920 2050 1021 2136 mihi).
1042 2072 1100 2118 va·

142 2159 268 2225 ticenos
291 2178 414 2224 summa
437 2178 509 2223 cum
533 2178 609 2224 cura
632 2156 763 2223 contulit
786 2158 822 2221 li.
847 2160 964 2240 Brenn,
989 2159 1100 2224 Duob-

143 2285 202 2331 ner
224 2266 407 2349 parisinum.
432 2264 460 2330 is
482 2265 516 2329 in
538 2263 644 2328 multis
667 2263 818 2328 abhorret
841 2265 881 2329 ab
905 2263 977 2346 illis,
1009 2263 1101 2330 vide-

139 2376 193 2434 ¹tur
217 2371 297 2436 alius
320 2371 461 2437 familiae
485 2371 575 2437 cuins
598 2370 749 2454 princeps
777 2370 923 2435 librarius
954 2371 1007 2435 vel
1031 2389 1101 2436 eor·

42 2546 50 2559 x
144 2482 238 2558 rupta
259 2477 312 2541 vel
334 2496 399 2541 non
420 2478 498 2543 satis
517 2479 680 2543 intellecta
696 2496 754 2541 sua
770 2477 958 2542 auctoritate
975 2485 1006 2542 51
1022 2498 1099 2542 con-

145 2581 392 2648 silioabolebat
415 2590 447 2648 et
471 2584 662 2666 corrigebat.
688 2585 850 2664 lemmata,
873 2583 1100 2666 inscriptiones

145 2688 348 2772 capitulaque
373 2688 487 2754 omittit
508 2690 606 2772 idque
628 2691 752 2772 meritc,
776 2711 851 2755 nam
870 2691 1100 2756 suntlibrario·

144 2812 213 2858 rum
236 2800 332 2879 atque
362 2814 427 2860 non
450 2798 633 2864 necessario
656 2798 771 2863 librum
794 2803 923 2879 augent.
956 2798 1043 2862 socio
1066 2797 1101 2861 in

145 2920 245 2985 opere
268 2900 418 2968 faciendo
442 2909 565 2968 mortuo
586 2903 716 2971 deserta
735 2924 834 2970 eausa
852 2903 925 2984 vici,
951 2909 1020 2967 erat
1039 2903 1099 2968 sci-

143 3009 220 3075 licet
243 3030 307 3073 non
330 3031 402 3075 raro
427 3016 559 3094 patruus
582 3010 659 3076 mihi
683 3018 716 3077 et
736 3012 849 3093 lingua
870 3009 1021 3076 bellabat.
1052 3015 1098 3074 at-

145 3134 206 3197 quc
229 3116 306 3196 iugo
331 3135 466 3182 excusso
491 3137 585 3201 quam
614 3123 756 3201 spartam
778 3137 859 3183 unus
881 3122 994 3182 nactus
1017 3117 1099 3182 hanc
1169 3159 1173 3168 ·

145 3221 256 3287 ornavi
271 3262 274 3266 ι
288 3227 320 3287 51
350 3222 396 3288 sic
420 3223 474 3286 uni
496 3223 572 3287 mihi
593 3222 805 3290 fundamenta
826 3223 986 3305 iacienda,
1017 3243 1099 3288 sum-

144 3348 230 3394 mum
253 3327 416 3410 fustiffl'um
438 3328 664 3416 imponendum
689 3336 721 3397 et
744 3351 893 3415 suprema
912 3349 1025 3394 manus
1042 3329 1099 3394 ad·

146 3434 263 3502 denda.
288 3435 341 3518 qui
364 3434 467 3519 primo
491 3438 623 3504 summis
643 3438 781 3526 pedibus
803 3434 1017 3518 ingrediebar,
1043 3435 1099 3500 ho-

145 3559 214 3605 rum
237 3542 383 3609 codicum
407 3550 439 3609 et
462 3542 610 3610 editionis
630 3544 784 3628 principis
800 3562 863 3632 ope
878 3543 998 3629 leporis
1014 3542 1099 3610 vitae
