2498 4178
489 453 640 513 Praeiatio‘.
994 457 1036 527 21

85 622 210 699 tergum
241 615 327 682 dedi.
359 621 394 682 nt
422 616 557 700 primum
581 636 694 684 carnes
718 617 886 699 affuerunt,
916 618 1038 686 taricho

86 744 151 789 non
175 729 342 790 contentus
371 722 416 789 tui
446 727 478 789 et
509 743 581 790 cum
612 728 741 810 praesto
773 730 859 791 esset
879 725 942 807 ria,
973 745 1039 792 non

86 829 310 912 requirendam
331 829 478 896 semitam
501 830 621 912 putavi.
966 838 970 846 ¹

152 938 236 1002 Dum
259 937 340 1002 alter
363 935 522 1020 Sisyphus
541 935 655 1001 molior
672 942 704 1003 et
717 938 850 1003 naenias
866 938 939 1005 Tibi
956 960 1038 1008 canc

86 1043 174 1124 quod
196 1043 302 1110 adhuc
325 1044 368 1110 ad
390 1042 527 1108 fractam
547 1042 590 1108 sit
612 1043 793 1110 canendum
824 1051 856 1110 et
882 1046 944 1110 nisi
966 1047 1038 1113 aliis

85 1150 173 1216 libris
203 1149 330 1216 adiutus
362 1168 496 1236 pansum
527 1149 695 1217 absolvere
717 1170 782 1217 uon
805 1151 974 1235 confidam,
1005 1153 1039 1220 in

83 1255 234 1339 frigidum
265 1256 392 1323 furnum
422 1277 487 1322 non
516 1256 631 1323 immisi
661 1276 764 1340 panes
795 1264 827 1324 et
850 1264 961 1325 contra
983 1279 1039 1325 ex·

83 1365 314 1449 spectationem
341 1369 470 1431 beatum
501 1382 551 1429 me
582 1363 750 1430 reddidisti
772 1384 885 1448 parum
909 1367 1040 1448 cognita

82 1470 138 1536 illa
161 1477 315 1558 excerpta
338 1470 488 1555 apiciana
510 1473 672 1555 praebens
689 1489 771 1556 quae
787 1491 846 1558 per
867 1471 970 1538 virum
992 1474 1040 1540 rei

81 1580 219 1664 peritum
234 1579 366 1647 Parisiis
381 1579 521 1647 describi
533 1578 647 1646 fecisti.
666 1578 695 1644 si
710 1597 855 1645 nummos
875 1577 1038 1663 haberem,

83 1705 215 1752 aureum
237 1688 286 1754 Te
308 1707 474 1771 ponerem,
498 1691 532 1752 at
553 1685 631 1752 nihil
655 1685 759 1751 habco
774 1684 844 1774 nisi
866 1687 966 1752 verba
979 1706 1039 1770 pro

83 1791 195 1858 farina.
222 1793 349 1875 gaudeo
379 1793 512 1859 mirifice
542 1791 627 1878 quod
657 1791 734 1857 data
758 1798 808 1857 est
828 1792 921 1862 nobis
945 1813 1037 1859 occa·

83 1900 239 1982 siuncnla‚
263 1907 298 1964 ut
320 1899 362 1966 de
385 1901 605 1967 communibus
629 1899 742 1965 studiis
764 1898 885 1982 aliquid
908 1919 967 1983 per
989 1900 1040 1965 lit:

84 2012 170 2073 teras
194 2007 423 2090 colloquamur,
447 2007 493 2074 sic
518 2007 602 2073 enim
625 2007 695 2071 fore
718 2025 813 2091 spero
838 2010 871 2070 ut
893 2025 982 2071 amor
1003 2006 1038 2070 in

85 2112 264 2178 doctrinam
287 2113 389 2177 Tuam
413 2133 502 2178 meus
530 2112 701 2179 amicitiam
723 2112 805 2177 inter
828 2131 887 2178 nos
911 2112 1036 2179 conflet.

83 2218 116 2283 id
140 2220 303 2301 singulare
334 2226 367 2285 et
393 2239 468 2285 vere
496 2219 623 2285 unicum
647 2219 1037 2303 opusculuminscribitur

80 2326 207 2410 Apici
239 2331 441 2410 excerpta
471 2347 492 2391 a
519 2325 742 2393 Vinidario
773 2326 864 2391 viro
888 2324 1035 2390 intitu-

83 2433 172 2498 lato
197 2433 244 2519 (in
268 2433 341 2499 cod.
364 2433 427 2498 vir
448 2431 570 2520 intut)
602 2439 635 2499 et
661 2432 819 2519 particula
841 2437 891 2497 est
913 2431 1036 2498 codicis

85 2540 279 2623 Salmasiani
297 2540 510 2627 (sitiretis.
528 2540 693 2625 Supplem.
709 2540 779 2604 Lat.
797 2537 889 2628 685.)
908 2541 1036 2625 septimi
1067 2604 1069 2608 ,

82 2645 183 2712 ferme
207 2647 316 2729 seculi,
340 2647 527 2712 charactere
549 2646 774 2728 vetustissimo,
804 2646 904 2712 literis
927 2647 1034 2713 uncia-

82 2752 164 2817 libus
188 2751 341 2837 descripti
364 2752 421 2838 (de
446 2772 484 2818 eo
508 2752 586 2819 satis
607 2753 690 2818 ‘dixit
713 2753 806 2836 Sillig
828 2753 967 2820 Praesat.
991 2752 1034 2822 ad

80 2859 161 2924 Plin.
187 2861 249 2924 vol.
266 2861 304 2924 V.
328 2880 360 2943 p.
377 2858 616 2946 XV-XXII.).
664 2859 840 2925 Salmasius
870 2859 905 2924 in
934 2860 1033 2926 Exer-

84 2965 285 3031 citationibus
314 2966 467 3031 Plinianis
499 2985 549 3032 ca
569 2971 723 3048 excerpta
745 2971 879 3047 usmpat
907 2985 939 3048 p.
958 2965 1032 3030 101.

82 3071 156 3137 255,
181 3072 255 3136 256.
280 3072 355 3136 261.
381 3073 455 3138 358.
480 3072 556 3138 427).
582 3073 655 3137 720.
678 3072 752 3146 740.
770 3071 845 3136 750.
864 3070 938 3136 753.
956 3071 1032 3135 823.

79 3179 154 3243 900.
180 3177 255 3242 edit.
280 3178 367 3262 Traj.
392 3179 436 3244 ad
458 3177 745 3265 Lampridii·Alex.
767 3177 841 3243 Ser.
860 3178 912 3242 37.
938 3175 1032 3260 Capi·

76 3285 130 3350 tol.
154 3285 228 3348 Ant.
252 3283 299 3348 Pi.
325 3285 355 3349 9.
379 3285 503 3349 titulum
526 3285 677 3367 sequitur.
929 3318 931 3322 ·

146 3391 222 3475 „De
246 3389 376 3455 siccis
399 3389 485 3460 hoc.
520 3391 650 3456 Lasaris
672 3390 808 3476 radices.
830 3395 948 3455 menta.
974 3409 1029 3454 ne-

76 3503 184 3580 „peta
209 3496 320 3562 salvia.
346 3515 532 3580 cuppressu.
558 3496 702 3577 origanu.
727 3497 923 3580 ayniperum.
949 3516 1032 3580 cepa

75 3603 249 3689 „gentima
268 3608 364 3672 bacas
380 3602 489 3673 finni.
509 3601 721 3672 coriandrum.
745 3603 874 3690 piretru.
899 3602 968 3671 citn'
983 3602 1030 3674 fa-
