2498 4178
544 461 698 525 Praefatio.
1075 462 1096 534 9

143 625 291 693 contineo
323 624 378 691 imi
406 625 549 692 subsellii
577 626 625 691 vir
649 632 681 692 et
704 627 829 694 caudae
853 626 989 712 equinae
1012 627 1096 712 pilos

89 775 96 783 ,
141 734 296 820 paulatim
319 735 413 800 vello.
439 738 473 799 at
493 733 527 799 id
552 741 643 799 extra
666 740 802 800 cantum.

209 841 248 906 In
270 841 376 906 multis
398 861 450 906 me
473 841 587 924 Apicio
611 841 705 906 saluti
733 841 832 908 fuisse
856 845 970 927 opinor
991 863 1096 927 neque

143 966 260 1029 aquam
281 947 314 1013 in
334 947 484 1012 mortario
504 946 670 1030 tutudisse,
695 948 796 1014 sicubi
811 949 912 1016 falsus
928 951 997 1032 sim,
1023 969 1096 1016 con-

143 1048 288 1137 donabis,
320 1055 369 1119 vir
398 1054 636 1136 humanissime,
668 1076 742 1120 nam
774 1057 844 1137 quis
865 1057 919 1123 ille
942 1057 1097 1123 Hercules

142 1168 207 1228 tam
228 1163 376 1228 robustus
408 1167 440 1227 et
467 1162 640 1246 perspicax
672 1163 766 1228 suerit
789 1164 842 1245 qui
864 1163 990 1247 Augias
1012 1162 1098 1229 istud

143 1270 301 1336 stabulum
329 1274 393 1334 uua
423 1287 524 1352 opera
553 1268 599 1334 sic
631 1275 807 1352 perpurget
837 1275 871 1334 ut
898 1269 974 1336 nihil
998 1269 1097 1336 sordi·

60 1391 65 1399 '
144 1377 219 1442 dum
242 1376 321 1442 inibi
344 1374 548 1457 relinquatur.
582 1395 652 1441 oum
677 1376 849 1442 trinoctiali
871 1376 925 1441 illo
948 1398 1000 1443 me
1024 1397 1097 1444 con·

143 1483 255 1567 feras,
277 1483 364 1566 (luod
395 1482 523 1549 domem
558 1504 641 1566 quae
676 1484 798 1550 scilicet
828 1490 970 1551 veterum
1000 1485 1098 1553 libros

143 1591 236 1657 nimis
260 1590 419 1673 obsident,
450 1589 483 1654 in
515 1591 629 1671 quibus
655 1609 718 1672 ego
742 1591 919 1674 purgandis
942 1592 997 1657 diu
1020 1592 1098 1658 mul·

143 1704 272 1780 tumque
295 1698 408 1764 laboro
433 1701 464 1762 et
486 1696 530 1761 ad
553 1696 660 1761 vivum
683 1716 805 1779 reseco,
831 1699 883 1764 vel
902 1699 1026 1763 Iolaum
1040 1718 1097 1782 po-

143 1806 203 1872 tius
226 1806 383 1889 appelles,
413 1804 440 1869 si
463 1803 618 1887 speciosis
642 1804 824 1870 nominibus
849 1805 982 1888 gaudes,
1010 1804 1097 1887 quod

142 1931 248 1996 paene
272 1930 447 1996 oppressae
478 1912 519 1977 ab
553 1910 657 1996 hydra
688 1912 837 1977 vetustati
859 1914 947 1978 velut
968 1909 1099 1978 Herculi

23 2007 26 2011 ’
144 2018 296 2086 clamanti
332 2038 401 2084 sum
436 2025 567 2101 praesto
606 2037 677 2082 cum
715 2017 798 2083 face.
829 2018 885 2083 fax
915 2039 991 2085 vero
1022 2017 1099 2084 mihi

142 2125 374 2192 inflammanda
397 2132 475 2208 erat,
499 2123 533 2189 id
557 2124 643 2190 omni
666 2144 746 2190 voce
765 2125 930 2208 praedico,
954 2125 1099 2206 namqui

143 2233 242 2316 vulgo
267 2233 346 2298 Cato
371 2239 420 2298 est
443 2232 595 2314 cuiusque
619 2236 711 2296 notas
735 2252 793 2316 per
823 2252 935 2297 manus
957 2230 1097 2298 tradide-

85 2357 88 2363 ·
145 2347 219 2406 runt
241 2342 462 2406 subventanea
484 2339 611 2423 peperit
632 2340 782 2422 palpatus
805 2338 1010 2422 intenebris,
1034 2339 1098 2424 pri·

79 2532 83 2537 ¹
142 2448 282 2514 moribus
312 2447 405 2512 labiis
436 2446 629 2528 degustavit,
661 2446 775 2511 leuiter
803 2446 973 2530 castigavit
1002 2447 1098 2530 gulae

142 2556 329 2639 magistrum
363 2554 494 2636 eiusque
530 2555 612 2619 bono
648 2573 712 2617 non
752 2556 883 2619 multum
918 2553 1096 2635 desudavit,

142 2663 284 2746 palmam
307 2661 435 2726 minime
457 2660 643 2744 praeripuit,
668 2661 837 2744 plurimum
861 2667 972 2726 contra
985 2659 1098 2742 reliqui

145 2767 230 2835 fecit.
257 2768 410 2835 eristius
433 2767 654 2848 Humelbergii
666 2767 921 2849 reliquorumque
944 2767 1098 2850 interpre-

142 2880 208 2940 tum
231 2877 337 2941 multis
360 2875 463 2959 paleis
487 2893 600 2957 parum
624 2872 744 2937 fructus
768 2874 887 2955 collegi
918 2879 949 2938 et
981 2893 1022 2938 ex
1050 2873 1097 2937 in·

143 2983 231 3064 genti
253 2982 416 3047 volumine
447 2981 610 3044 minimum
635 2980 799 3045 doctrinae
826 2981 928 3045 retuli.
953 2981 1023 3062 ipse
1046 2979 1097 3044 Li-

142 3095 245 3155 sterus
275 3088 422 3152 immunis
452 3087 549 3168 venit,
582 3086 719 3152 eandem
750 3086 942 3151 cantilenam
972 3086 1096 3168 cecinit,

141 3195 309 3279 scrupulos
332 3214 396 3258 uon
420 3194 546 3260 exemit.
572 3193 658 3277 quod
681 3195 762 3258 alius
794 3193 935 3258 condivit
966 3213 1096 3276 coquus,

141 3304 233 3369 aliter
257 3301 470 3368 condiendum
494 3307 571 3367 erat.
596 3292 733 3365 πολλάκι
756 3302 808 3366 καὶ
830 3295 995 3388 κηπουρὸς
1017 3292 1097 3389 ἀνὴρ

140 3401 229 3493 μάλα
258 3407 383 3496 καίριον
412 3399 508 3471 εἶπεν.
539 3410 571 3472 in
600 3409 725 3490 magnis
749 3417 781 3474 et
802 3409 942 3473 voluisse
966 3414 1016 3472 sat
1039 3415 1096 3474 est.

140 3536 205 3583 non
229 3517 332 3581 omnis
353 3514 416 3581 fert
440 3515 547 3580 omnia
568 3515 671 3580 tellus.
705 3535 800 3595 quam
822 3515 937 3578 multos
960 3515 993 3579 in
1018 3515 1097 3581 an-

140 3624 183 3692 lio
216 3623 405 3706 castigando
435 3623 564 3689 labores
594 3621 730 3703 tulerim,
761 3625 914 3701 quantum
944 3623 1097 3707 temporis
