2498 4178
163 408 208 491 14
567 427 720 485 Praelatio.

160 585 357 652 Guilermum
380 586 532 667 Signerre
562 589 856 672 Rothomagensem
884 613 970 658 anno
995 592 1112 659 domini

159 693 545 758 MOOCCLXXXXVIII.
581 695 634 759 die
665 698 729 760 XX
757 700 876 764 mensis
906 700 1050 765 Ianuarii
1083 705 1114 765 et

158 819 241 884 quae
269 798 412 864 Venetiis
440 800 554 865 llDlII
584 822 643 885 per
673 805 826 869 Ioannem
858 805 899 871 de
931 807 1049 872 Oereto
1072 805 1112 872 de

156 906 301 988 Tridino,
332 907 508 971 Taouinum
539 909 620 973 alias
648 911 843 975 nominatum
875 918 1014 995 atquae
1038 915 1112 978 Aut-

157 1013 288 1096 verpiae
301 1033 352 1096 ap.
369 1013 449 1078 Rob.
466 1013 607 1078 Bellaert
622 1015 706 1098 typis
720 1016 788 1080 Ioh.
807 1018 956 1102 Gnaphei
972 1020 1111 1084 MDXX.

155 1120 235 1186 meis
258 1120 360 1185 onmis
381 1119 448 1183 vidi
471 1124 503 1183 et
521 1121 798 1202 persuasissimum
813 1124 890 1188 mihi
908 1132 956 1190 est
975 1145 1033 1191 eas
1049 1132 1112 1192 tres

154 1227 317 1294 sublestae
348 1246 420 1291 4444
450 1225 535 1308 fidei,
569 1247 640 1292 esse
663 1228 765 1293 minus
788 1231 902 1316 plenas
927 1237 960 1297 41
983 1239 1113 1318 praeter

152 1335 308 1421 principis
330 1331 448 1398 menda
470 1331 638 1398 innumera
668 1335 745 1400 satis
769 1356 920 1418 magnum
943 1358 1112 1404 numerum

153 1460 295 1506 errorum
318 1439 490 1506 eontinere.
516 1460 615 1522 quare
638 1441 783 1527 principe
806 1443 895 1508 nisus
913 1445 1032 1510 multas
1047 1446 1111 1512 144-

151 1547 255 1612 tiones
278 1544 366 1612 tenui
389 1565 472 1628 quae
494 1546 528 1610 in
549 1546 713 1612 listeriana
735 1547 853 1614 missae
884 1550 977 1615 novis
1000 1551 1111 1617 invon-

150 1653 192 1719 tis
214 1660 425 1720 recesserant.
449 1652 590 1718 nondum
615 1653 742 1718 eonstiti
764 1674 869 1738 neque
892 1656 981 1739 prius
1003 1656 1114 1724 destiti

151 1779 247 1844 quam
272 1759 491 1843 possedissem
521 1758 818 1841 humelbergianam
847 1760 985 1848 (Tiguri.
1013 1766 1111 1833 1542.

149 1869 181 1933 4.
207 1873 240 1932 41
268 1865 407 1931 Londini
430 1867 515 1932 1705
543 1887 575 1950 p.
600 1867 641 1930 M.
666 1866 823 1931 Listerum
855 1873 887 1933 et
916 1871 1113 1939 torinianam

148 1973 312 2062 (Basileae
345 1974 441 2039 1541.
464 1975 495 2039 4.
526 1972 643 2037 Albani
664 1972 775 2036 'lorini
803 1973 914 2060 4414).
947 1981 982 2040 41
1014 1998 1113 2060 quam

146 2078 581 2168 1114141141444414444111
627 2078 846 2159 Humelbergii
874 2080 993 2147 medioi
1016 2087 1113 2151 turba

147 2188 390 2255 annotationum
413 2206 477 2251 non
500 2191 551 2250 441
573 2204 656 2265 quae
681 2189 863 2250 contextum
886 2194 981 2252 sanet
1004 2198 1037 2255 41
1060 2212 1112 2257 su·
1166 2254 1170 2265 ,

147 2295 230 2363 bitas
263 2294 478 2377 cogitationes
508 2295 643 2355 tueatur.
676 2289 833 2370 coquinae
867 2291 927 2357 tiro
964 2297 1110 2365 editione

145 2400 380 2467 mediolanensi
403 2417 479 2462 usus
504 2403 536 2461 41
555 2395 669 2461 oodioe
682 2396 899 2480 manuscripto
917 2419 1012 2480 quem
1031 2424 1108 2485 qua·

146 2507 297 2588 draginta
320 2502 547 2570 4114114114414
570 2502 663 2566 affert
686 2506 718 2566 et
741 2501 862 2584 aliquot
881 2505 979 2572 taeite
1000 2512 1108 2591 sequi-

144 2620 196 2678 tur
217 2611 331 2676 rudem
354 2608 447 2675 nobis
471 2613 655 2673 contextum
677 2606 843 2688 ministrat,
875 2617 1019 2677 attamen
1046 2636 1107 2701 pro

146 2716 317 2799 evangelio
357 2722 406 2781 441
444 2713 577 2794 vulgata
613 2730 708 2792 quam
740 2715 901 2794 corrigere
930 2717 1024 2784 nefas
1056 2722 1107 2787 411.

144 2822 246 2888 maius
270 2822 422 2887 damnum
445 2819 544 2885 literis
567 2817 727 2882 intulisset
745 2817 857 2882 Torini
879 2821 997 2887 modici
1021 2826 1109 2892 fetus

143 2934 359 3013 portentosos,
390 2926 557 3010 (repetitus
580 2921 730 3004 Lugduni
754 2921 869 2987 eodem
892 2945 975 2991 anno
1003 2930 1107 3020 11141)

144 3035 171 3102 si
194 3036 300 3118 magis
324 3034 528 3100 oiroumlatus
561 3034 656 3095 esset.
688 3028 749 3092 iste
773 3027 942 3093 oiroulator
966 3040 998 3097 41
1020 3036 1106 3101 frau-

144 3141 240 3209 dator
264 3160 327 3225 opo
351 3138 501 3206 editionis
524 3139 661 3201 venetae
680 3130 812 3196 alterius
828 3136 860 3195 et
875 3133 997 3202 oodiois
1015 3159 1106 3207 mon-

61 3289 72 3303 ·
142 3248 303 3336 epelluani
334 3246 483 3330 Apioium
515 3263 533 3309 4
561 3238 702 3307 tenebris
732 3236 852 3304 eruisse
880 3245 912 3303 et
934 3262 955 3305 a
977 3246 1106 3313 mendis

142 3357 327 3425 vindicasse
355 3352 494 3435 simulat,
531 3371 572 3416 en
603 3345 762 3431 quaedam
793 3345 861 3412 eius
891 3346 1105 3430 praefationis

142 3482 246 3533 vanae
271 3483 365 3553 „eum
388 3498 431 3510 -
454 3460 554 3525 multa
576 3454 792 3542 Monspessuli
821 3453 946 3519 ouriose
968 3470 1104 3534 agerem

145 3579 197 3658 „et
219 3570 460 3640 ooouratissimo
477 3571 692 3650 observarem,
716 3564 749 3628 in
765 3560 870 3626 insula
885 3557 954 3622 urbi
970 3561 1101 3640 propin-
