2498 4178
495 446 600 507 utbv.
630 446 757 520 Ospreos.
1036 447 1099 516 103

145 622 148 626 ’
219 609 290 676 188.
326 608 833 693 Pultestraotcgalatae:
872 607 963 674 lactis
994 614 1099 674 sexta-

148 698 228 763 rium
254 704 286 764 et
308 718 413 781 aquae
436 697 595 764 modicum
618 701 723 764 mittes
746 698 778 763 in
795 700 969 766 caccabum
981 717 1099 764 novum

149 793 181 853 et
204 786 290 853 lento
313 785 381 868 igni
403 787 537 853 ferveat.
580 795 644 854 tres
668 787 827 853 orbiculos
850 792 972 855 tractae
995 787 1099 853 siccas
1172 794 1173 797 ’

136 881 182 945 ,51
213 875 386 957 confringis
404 882 435 941 et
449 876 592 960 pertibus
614 875 648 940 in
667 877 718 941 lac
735 876 899 941 submittis.
926 882 1098 958 nectatur,

148 984 263 1046 aquam
294 963 459 1030 miscendo
488 965 633 1047 agitabis,
666 985 738 1030 cum
769 969 895 1032 coctum
930 964 1035 1047 fuerit,
1067 970 1101 1031 ut

150 1058 208 1134 est,
233 1071 331 1135 super
351 1053 471 1135 inguen
494 1053 599 1119 mittis.

219 1141 290 1206 189.
327 1141 422 1208 Μ5115
446 1147 477 1207 51
499 1148 602 1208 musto
634 1142 661 1207 si
686 1161 756 1208 cum
780 1142 863 1208 lacte
886 1140 1031 1207 similiter
1053 1141 1099 1208 fa·

149 1231 227 1311 cies,
251 1230 352 1295 salem
371 1235 409 1296 ⁴et
432 1231 536 1296 oleum
559 1228 662 1297 minus
685 1230 790 1296 mittis.
1128 1260 1132 1263 ·

219 1320 291 1383 190.
318 1319 583 1404 Lenticulam
608 1340 656 1385 ex
679 1318 880 1385 siondilis
903 1318 1100 1385 5115155-

149 1407 276 1489 gulis:
301 1407 442 1491 accipies
460 1410 634 1475 caccabum
651 1407 812 1472 mundum.
837 1406 959 1473 adicies
972 1407 1005 1471 in
1019 1428 1100 1473 mor-

148 1496 262 1560 tarium
292 1497 395 1580 piper,
428 1497 587 1579 ciminum,
616 1517 726 1563 semen
757 1496 926 1577 coriandri,
962 1502 1099 1579 mentae,

148 1591 248 1666 rutae,
266 1585 375 1669 puleii,
392 1585 533 1667 fricabis,
550 1585 714 1652 suffundas
731 1592 867 1668 acetum,
886 1585 1009 1651 adicies
1025 1585 1099 1668 mel,

149 1673 311 1756 liquamen
343 1685 373 1740 et
405 1674 580 1740 defrictum.
613 1680 705 1741 aceto
728 1674 932 1762 temperabis,
956 1675 1100 1741 reexina·

148 1763 218 1828 uies
241 1763 273 1827 in
298 1765 482 1846 caccabum,
508 1763 663 1828 sfundilos
687 1764 822 1829 elixatos
845 1769 930 1828 teres
948 1768 979 1827 et
995 1764 1100 1829 mittes

201 1921 239 1975 ad
253 1922 310 1976 188.
323 1921 598 1990 tractogalatae
652 1921 681 1977 si
700 1938 774 1977 oum
787 1922 812 1980 1.
828 1921 1100 1981 sententiavidetur=

148 2007 200 2061 pro
229 1992 440 2061 tractogale
474 2009 508 2047 ex
536 1994 598 2047 251.
651 1994 731 2048 siad
750 2007 810 2047 eam
829 1992 935 2062 pultem
956 2009 1007 2061 pro
1026 2009 1101 2062 aqua

148 2063 272 2118 restituit
290 2063 369 2117 Hum.
388 2064 440 2118 ie.
460 2069 598 2118 extracta
652 2065 705 2119 mel
731 2063 774 2118 vel
800 2080 896 2118 sucum
922 2080 955 2118 ex
984 2066 1100 2120 musteis

150 2138 180 2189 et
205 2133 278 2188 lacte
298 2133 450 2189 confectae.
476 2136 516 2188 sic
534 2150 597 2202 por·
651 2133 819 2191 adhibueris.
845 2135 931 2189 salem
957 2140 986 2189 et
1007 2135 1099 2191 oleum

150 2205 250 2258 oellum
269 2205 492 2260 tractomelinum
511 2205 597 2260 habes
651 2209 740 2260 minus
768 2206 863 2259 mittis.
892 2204 925 2258 cf.
952 2206 1011 2258 294.
1037 2207 1098 2271 305.

148 2276 597 2340 375551151155151551555,
651 2275 773 2331 edulium
789 2276 905 2331 5151155
914 2275 1032 2343 silignea
1042 2275 1099 2332 fac·

148 2362 184 2400 ne
208 2363 264 2400 vox
288 2347 326 2400 sit
349 2347 468 2401 bibrida.
489 2379 521 2386 —
548 2354 596 2403 te·
651 2353 709 2401 tum
728 2354 757 2402 ct
775 2353 867 2402 musto
888 2347 1030 2402 conditum
1049 2364 1098 2404 vo·

147 2417 596 2485 ressorb.yutt⁷r.ed.pr.tres
651 2418 768 2472 5555151
795 2416 963 2481 permixtos,
996 2424 1099 2473 musta.

147 2488 238 2542 sorb.
266 2493 291 2550 β.
318 2505 353 2544 511
377 2505 428 2543 suo
454 2490 515 2543 cod.
541 2490 596 2544 iam
651 2505 728 2543 ceum
762 2489 822 2542 214.
853 2489 913 2543 450.
944 2488 1006 2543 5511.
1037 2491 1097 2544 295.

148 2574 217 2614 corr.
242 2559 321 2613 Hum.
351 2559 460 2628 explica
491 2565 596 2614 tractas
649 2559 753 2614 Athen.
774 2559 815 2624 14,
834 2561 877 2614 57.
898 2560 980 2625 melle
999 2566 1027 2616 51
1041 2579 1099 2619 mu-

146 2629 325 2693 orbiculatas,
355 2631 382 2684 in
410 2631 506 2685 orbem
532 2646 595 2685 con-

146 2696 289 2754 formatas.
309 2700 482 2769 taigkloesse
502 2733 534 2741 -
554 2718 595 2756 ne

145 2778 304 2826 uratura
323 2772 496 2840 quaedam
515 2773 595 2826 mis-

147 2842 282 2896 cendos
301 2858 350 2911 ag.
372 2842 430 2896 flor.
452 2848 481 2898 et
499 2844 594 2911 edpr.

145 2929 187 2966 nc
206 2921 504 2983 uraturquaeque
519 2915 595 2968 dam

145 2984 351 3038 miscendos
389 2999 445 3054 ag.
483 3000 542 3053 par.
567 2990 605 3038 a·'

145 3055 316 3123 quaedam
331 3071 461 3124 y.—pro
480 3057 595 3124 ignem

143 3125 243 3193 scripsi
271 3126 402 3195 inguen
436 3126 595 3181 testiculum

143 3197 207 3264 capi
233 3197 291 3250 173.
311 3213 362 3265 pro
383 3212 438 3265 quo
465 3197 524 3250 187.
549 3212 595 3251 55-

142 3267 229 3335 podia
247 3267 411 3321 adiciuntur.

196 3338 233 3391 ad
254 3339 313 3392 189.
333 3339 361 3392 15
380 3337 461 3392 codd.
481 3338 593 3391 coniun-

142 3409 220 3478 gitur
239 3425 300 3462 cum
319 3408 503 3464 antecedente
521 3424 593 3463 com-

141 3479 283 3547 positione
308 3487 336 3534 et
361 3480 464 3547 legitur
489 3479 594 3534 molle

143 3565 183 3604 ex
203 3550 350 3605 musteis
376 3566 447 3604 oum
467 3549 489 3601 l.
510 3550 594 3604 etiam

143 3621 250 3682 conieci
268 3620 373 3676 melle
392 3628 426 3675 51
445 3621 594 3678 musteis

650 2636 695 2685 sto
714 2628 801 2685 fiebat
817 2632 900 2686 etiam
910 2630 1042 2688 melitites
1053 2649 1098 2702 ap.

649 2701 720 2755 Plin.
742 2701 783 2764 14,
802 2702 844 2756 85.
865 2702 927 2756 5511.
939 2704 982 2766 22,
994 2704 1053 2757 115.

704 2773 740 2825 ad
755 2774 814 2827 190.
834 2774 871 2826 ad
880 2773 981 2827 lemma
991 2772 1025 2827 cf.
1038 2775 1097 2828 107.

650 2843 728 2898 sive
748 2841 902 2898 fondilis
921 2843 965 2897 vel
985 2842 1097 2898 fondi-

649 2914 697 2968 lis
727 2914 808 2968 codd.
836 2930 888 2981 pro
923 2911 1097 2968 sfoudilis

649 2984 729 3038 Hum.
750 2983 1096 3105 cornsponpiolia-

649 3053 915 3121 ferveatexrtpro
944 3060 1097 3108 erveaut

649 3127 744 3194 sicque
772 3141 807 3179 ex
834 3125 896 3178 aliis
923 3124 993 3178 locis
1025 3123 1097 3180 fer-

649 3196 772 3250 vuerit
795 3212 864 3251 corr.
889 3212 940 3263 pro
960 3195 1095 3250 servus-

649 3267 729 3320 rint.
756 3297 787 3304 -
815 3265 977 3321 voletari
999 3267 1027 3321 iu
1046 3282 1097 3321 sex

649 3338 730 3392 codd.
756 3337 918 3392 volutari
944 3339 979 3393 ed
1001 3354 1041 3406 pr.
1068 3343 1097 3393 ct

650 3409 709 3462 191.
730 3409 841 3463 codices
854 3425 951 3464 vocem
966 3408 1096 3472 „lenticu-

648 3480 719 3532 lam¹‘
747 3496 808 3534 cum
834 3480 982 3548 postremis
1003 3479 1096 3534 verbis
1188 3473 1198 3491 ⁰

648 3551 775 3618 iungunt,
798 3556 829 3605 ut
847 3565 965 3618 sequens
984 3564 1096 3616 compo-

648 3621 714 3699 sitio
730 3621 845 3689 incipiat
854 3621 918 3692 „Dc
932 3620 1095 3678 castaneis.
