2498 4178
244 405 289 484 54
571 404 631 461 Lib.
651 404 699 462 IIl.
737 404 867 477 Oepuros.

244 567 297 635 vel
321 588 491 635 caroenum
509 573 541 633 et
555 567 703 632 ciminum
717 566 856 650 desuper
871 584 1031 650 asperges
1049 571 1083 632 et
1098 566 1197 633 oleum

244 657 413 724 modicum.
434 656 488 722 nbi
503 655 665 738 fervuerit,
688 654 886 740 polipodium
903 662 935 720 et
950 654 1071 721 frustra
1086 675 1197 722 nuonm

245 766 317 811 oum
339 745 512 827 liquamine
535 751 631 826 teres,
654 746 830 810 ferventem
853 743 886 809 in
902 748 1056 829 patenam
1074 744 1196 828 fundes,

245 834 402 920 coperies.
426 833 533 898 statim
556 833 700 917 depones
725 840 756 899 et
780 832 885 900 uteris.

310 924 362 987 64.
387 923 488 989 Aliter
510 922 702 988 betaoios
725 939 938 986 varrones.
974 921 1099 987 Varro:
1123 922 1196 1003 „be

243 1011 345 1077 taoios
358 1011 417 1078 sed
432 1011 541 1094 nigros
559 1009 700 1099 [quorum
718 1009 863 1095 detersas
878 1007 1027 1097 radices],
1043 1030 1087 1075 ex
1099 1011 1196 1076 mulso

243 1098 395 1166 decoctos
419 1121 490 1165 uum
514 1101 582 1165 sale
605 1099 731 1164 modico
757 1103 788 1162 et
811 1097 894 1179 oleo,
918 1099 970 1163 vel
993 1098 1064 1163 sale
1085 1105 1198 1181 quaet

243 1190 314 1256 oleo
337 1189 429 1255 inse
453 1193 545 1254 aooto
569 1188 724 1261 iusuulum
739 1185 848 1252 faeere
865 1192 897 1252 et
913 1186 1059 1272 potaro“.
1086 1187 1197 1255 melius

242 1279 349 1361 etiam,
372 1278 455 1345 siin
478 1296 518 1342 eo
542 1277 647 1363 pullus
670 1276 710 1342 sit
733 1274 895 1341 decoetus.

308 1369 361 1432 65.
385 1367 487 1432 Aliter
508 1365 551 1430 ad
577 1370 738 1432 ventrem:
770 1364 862 1448 apios
893 1362 1011 1429 virides
1035 1384 1110 1429 uum
1134 1366 1196 1432 suis

243 1455 405 1521 radicibus
427 1454 551 1521 lavabis
575 1460 607 1520 et
633 1452 770 1520 siccabis
794 1452 837 1518 ad
865 1453 975 1535 solem,
1007 1451 1131 1522 deinde
1154 1455 1196 1522 al·

240 1665 267 1718 p.
293 1647 349 1716 41.)
375 1648 476 1719 supple
501 1648 637 1714 „vinum“‚
660 1645 694 1702 of.
750 1645 844 1703 ohron.
854 1646 880 1710 4,
890 1647 916 1710 3,
930 1645 1075 1702 claudian.
1084 1648 1129 1712 20,
1138 1647 1197 1704 tta

240 1719 364 1775 Martial.
393 1721 420 1784 8,
449 1721 493 1782 56,
521 1721 563 1773 14.
600 1720 697 1788 „nigra
749 1718 778 1773 in
796 1734 851 1774 uno
868 1718 929 1774 uod.
940 1718 1024 1773 Mauri
1034 1717 1110 1773 Flor.
1122 1719 1196 1775 1462.

243 1787 579 1859 falerna“.·-—abligas
597 1789 695 1859 yflorr.
749 1790 845 1858 sieque
876 1787 1062 1854 „frustratim“
1092 1790 1122 1844 in
1149 1806 1196 1849 no·

244 1860 380 1917 volebant
398 1861 546 1930 adligas
570 1862 616 1916 vel
636 1861 696 1916 ob·
750 1861 814 1915 stris
835 1861 894 1936 1¹67.
913 1866 943 1915 et
960 1860 989 1914 in
998 1859 1110 1930 aliquot
1119 1860 1197 1946 Apu·

242 1932 343 2003 ligas
363 1930 398 1988 ol.
418 1933 478 1987 380.
492 1933 553 1987 381.
573 1933 696 2000 manipu·
749 1931 787 1986 lei
805 1936 869 1987 mot
890 1932 915 1995 2,
935 1932 959 1985 1.
979 1961 1011 1969 -
1032 1947 1198 2000 ooperres

242 2004 287 2059 los
307 2003 441 2073 colligare
459 2018 504 2071 ap.
519 2002 578 2057 Cat.
601 2004 694 2067 156‚2.
750 2000 868 2059 formam
882 2007 1054 2058 oontraotam
1065 2001 1198 2060 librorum

242 2074 316 2130 infra
334 2076 377 2129 93.
397 2073 519 2129 holisera
537 2075 565 2128 in
578 2072 694 2128 fasoiou·
747 2071 854 2128 formae
874 2074 1023 2142 cooperi
1034 2089 1071 2129 as
1085 2073 1132 2128 vel
1146 2090 1198 2130 oo·

226 2147 298 2203 *lum
324 2146 494 2216 rediguntur.
521 2144 624 2200 fasoem
645 2145 693 2209 be·
748 2143 917 2211 huperiss
937 2151 966 2199 et
983 2144 1043 2199 369.
1066 2144 1126 2198 162.
1136 2145 1196 2201 448.

242 2224 333 2273 tarum
367 2216 454 2273 habes
484 2232 528 2286 ap.
558 2217 690 2285 Pelagon.
743 2215 875 2283 praetuli.
896 2213 930 2277 of,
958 2215 1068 2271 Laohm.
1088 2215 1127 2271 ad
1145 2217 1197 2272 Lu-

242 2305 270 2359 p.
290 2289 334 2344 94.
363 2287 497 2344 fascem
522 2288 588 2343 olim
616 2287 693 2341 volui
748 2293 814 2340 oret.
835 2281 1197 2350 2‚1061.-'ututeris

244 2376 295 2429 pro
315 2358 442 2415 fasces.
461 2359 517 2413 iam
535 2359 693 2427 interpuno-
746 2360 829 2420 βθκπ.
849 2362 886 2410 ut
905 2358 1022 2413 utaris
1039 2356 1094 2425 γδζ.

241 2431 319 2485 tione
338 2431 443 2485 sanavi.
462 2429 587 2483 mittes
600 2429 637 2483 ad
651 2429 692 2498 ig·
799 2427 1196 2496 ad64.Varronisy.Hum.

242 2516 313 2555 nem.
326 2528 357 2538 -
371 2500 404 2554 iu
423 2514 571 2567 aequam
590 2501 693 2569 passim
747 2499 872 2553 nesciens
891 2499 1003 2553 nomina
1021 2499 1195 2568 propriapro

242 2585 312 2625 eurr.
333 2586 383 2639 pro
403 2571 437 2624 in
455 2585 587 2638 aquam,
603 2571 640 2626 ad
650 2571 692 2625 54.
747 2569 925 2639 appellativis
945 2571 1024 2638 quasi
1043 2585 1132 2639 eaque
1145 2585 1195 2639 pro

242 2671 275 2680 -
291 2641 452 2696 ciminum
471 2642 578 2696 misoes.
593 2673 623 2680 —
643 2657 693 2696 oa·
746 2641 893 2696 adieetivis
917 2647 947 2695 et
965 2641 1107 2711 epithetis,
1131 2639 1158 2694 h.
1177 2640 1195 2695 l

240 2711 344 2767 roeni
369 2718 405 2768 et
436 2712 567 2766 cumini
596 2717 622 2775 β.
649 2728 693 2767 oa·
743 2719 797 2780 pro
825 2713 1039 2778 „varronianos“
1068 2711 1197 2768 adhiberi

126 2841 135 2851 ,
240 2782 320 2838 roeni
339 2788 368 2838 et
382 2783 512 2850 'euminiy
529 2782 602 2837 florr.
621 2799 693 2838 are·
746 2798 881 2851 posse-
904 2788 939 2838 et
957 2800 998 2836 m.
1019 2783 1196 2843 deonotus

239 2855 277 2910 ni
295 2859 333 2910 et
351 2854 522 2910 cuminum
542 2873 569 2908 π.
587 2884 618 2891 -
639 2854 690 2909 de·
746 2853 952 2922 caudaque
970 2855 1089 2919 ratione,
1108 2853 1194 2909 lanua

215 2942 327 3052 ἷῗροῗ
335 2931 693 3064 ἓιὲῗῖιὲῒοῑὲἆᾞὲιῖροῗ
746 2924 1194 3051 {gffltffluffuffiarrffoffg'to}

239 3067 393 3122 instillatur
425 3069 486 3120 167.
520 3067 692 3137 dispargitur
745 3094 778 3106 -
804 3066 924 3133 potari
952 3066 1032 3120 uodd.
1062 3096 1098 3105 -
1126 3066 1195 3121 erit

241 3138 300 3192 135.
321 3151 407 3205 quare
425 3137 511 3191 abeat
529 3138 608 3192 llum.
629 3152 691 3190 oum
745 3135 788 3189 ed.
800 3152 840 3202 pr.
851 3151 902 3203 pro
922 3137 1037 3199 etiam,
1055 3137 1136 3191 Hum.
1150 3137 1193 3191 ed.

239 3210 356 3262 suaet
381 3207 481 3274 piper
506 3220 689 3275 asperges.
744 3205 802 3260 vel
830 3206 907 3261 sale
935 3221 1025 3276 aqua
1050 3214 1085 3262 et
1111 3207 1194 3263 oleo

239 3308 272 3317 -
291 3278 397 3331 usitata
416 3275 506 3334 forma
524 3275 644 3332 frusta
662 3277 690 3330 in
744 3276 776 3330 in
795 3293 831 3330 se
851 3292 997 3346 aeques,
1016 3277 1193 3333 iuseulum

240 3352 282 3411 ua,
308 3347 397 3403 rarior
422 3345 564 3401 frustra
582 3347 609 3400 in
628 3347 691 3401 reli·
744 3345 862 3402 facies
881 3355 916 3402 et
933 3348 1100 3416 potabis:
1127 3364 1194 3404 me-

241 3419 311 3486 quis,
330 3418 358 3472 in
378 3418 506 3473 omnibus
520 3417 690 3472 11113516
744 3417 815 3473 lius
834 3419 911 3474 erit.

240 3501 289 3542 sex
309 3489 441 3544 134161.
461 3495 611 3558 antequam
631 3505 690 3544 eor·
797 3489 834 3542 ad
853 3490 895 3542 65.
924 3490 1044 3557 albam
1064 3494 1102 3543 et
1120 3504 1191 3557 eap.

240 3565 370 3636 rexerunt
401 3575 447 3635 ap.
483 3559 557 3617 Cael.
591 3558 689 3618 Aurel.
744 3558 825 3618 oodd.
854 3559 892 3616 ad
918 3561 961 3619 59.
1002 3561 1128 3634 eapite
1158 3574 1193 3618 ex
