2498 4178
233 428 295 497 106

231 591 355 681 pleatur
379 595 552 677 angularis.
577 595 749 662 novissime
772 595 875 679 pisam
899 593 1059 678 admittis,
1090 600 1126 661 ut
1147 595 1188 661 iu-

230 686 280 747 tus
305 684 411 748 omnia
435 687 604 753 contineat.
629 686 755 770 (loques
777 687 810 750 in
833 685 924 750 furno
941 685 997 751 vel
1014 687 1107 752 lento
1125 685 1188 769 igni

230 771 367 855 inpones
391 778 424 839 et
447 773 545 840 ducat
568 775 611 841 ad
634 795 669 841 sc
693 775 850 840 deorsum.
876 774 948 840 Ova
971 775 1058 840 dura
1078 776 1186 855 faeies,

229 859 340 926 vitello
364 860 471 942 eicies,
495 864 527 929 iu
551 865 734 928 mortarium
758 864 863 928 mittes
879 884 952 929 oum
968 864 1089 947 pipere
1103 866 1186 944 albo,

231 948 364 1031 nucleis,
390 951 493 1033 melle,
519 953 592 1017 vino
617 952 756 1018 candido
782 958 813 1017 et
840 953 1017 1034 liquamine
1047 954 1186 1033 modico,

230 1043 315 1102 teres
339 1044 370 1104 et
393 1041 497 1106 mittes
519 1041 553 1105 in
576 1061 633 1106 vas
657 1047 691 1105 ut
712 1040 846 1107 ferveat.
868 1061 939 1106 oum
955 1041 1127 1122 fervuerit
1143 1043 1185 1128 pi·

230 1144 297 1189 sam
321 1127 416 1193 mittis
447 1130 480 1194 in
509 1130 636 1195 lancem
661 1141 691 1195 et
720 1130 782 1195 hoc
812 1129 880 1196 iure
910 1130 1093 1213 perfundis.
1127 1130 1185 1198 hoc

229 1212 279 1282 lus
304 1217 475 1282 candidum
499 1219 689 1302 appellatur.

300 1306 371 1371 195.
411 1306 547 1372 Pisam
578 1306 779 1373 indicam:
811 1306 914 1389 pisam
946 1326 1081 1388 coques.
1114 1326 1183 1372 cum

231 1392 482 1476 despumaveris,
522 1416 651 1481 porrum
683 1401 714 1461 ct
745 1395 947 1461 coriandrum
978 1395 1128 1461 concidis
1155 1401 1184 1461 et

230 1480 327 1545 mittis
350 1482 382 1548 in
406 1486 579 1549 caccabum
611 1492 645 1549 ut
673 1485 806 1551 ferveat.
839 1490 871 1551 et
900 1484 1045 1569 accipies
1077 1485 1184 1568 sepias

231 1569 368 1636 minutas
392 1572 438 1639 sic
462 1572 622 1655 quomodo
647 1580 720 1638 snut
742 1595 814 1639 cum
845 1579 1023 1639 atramento
1050 1593 1121 1654 suo,
1151 1579 1184 1638 ut

229 1658 321 1724 simul
346 1669 531 1743 coquantur,
556 1661 678 1728 adicies
699 1663 814 1746 oleum,
838 1663 1001 1743 liquamen
1018 1668 1051 1728 et
1066 1662 1183 1739 vinum,

229 1745 414 1816 fasciculum
439 1751 526 1834 porri
556 1757 589 1816 et
622 1751 788 1817 coriandri.
822 1752 923 1816 facies
955 1756 989 1814 nt
1019 1756 1183 1832 coquatur.

230 1855 301 1902 oum
326 1846 449 1905 coctum
479 1840 584 1921 fuerit,
616 1845 701 1906 teres
731 1841 834 1924 piper,
864 1839 1047 1922 ligisticum‚
1080 1839 1183 1922 origa-

579 432 638 490 le.
656 432 689 489 V.
729 432 858 506 Ospreos

229 2057 261 2108 ut
279 2057 363 2107 autea
382 2051 501 2106 obsonia
514 2052 620 2120 scripta
629 2067 678 2119 ap·

228 2123 307 2187 labis,
334 2122 425 2178 donec
447 2138 497 2177 vas
522 2122 677 2191 impleatur.

226 2195 339 2249 tandem
358 2195 420 2263 pisa
438 2199 612 2264 superstrata
630 2210 679 2248 no·

225 2266 367 2322 vissimum
387 2267 491 2322 corium
512 2266 565 2320 fac,
587 2281 678 2332 coque

226 2352 288 2393 earn
307 2353 435 2401 massam,
455 2344 564 2392 coctam
578 2338 606 2390 in
619 2336 678 2389 lan-

226 2423 284 2463 cem
311 2424 392 2462 versa
417 2423 534 2477 eamque
552 2409 610 2462 iure
630 2407 676 2462 de·

225 2479 330 2545 scripto
351 2479 471 2533 candido
491 2477 675 2547 perfunde.—

225 2548 338 2602 isioia
356 2549 432 2602 min.
455 2550 594 2603 171.173.
617 2550 675 2602 175.

225 2618 291 2672 fac,
314 2620 495 2687 quadrata
513 2620 676 2675 tessellatim

226 2689 366 2744 concides.
381 2721 410 2728 ν·
425 2691 518 2744 malim
538 2707 611 2745 cum
630 2691 676 2745 iu·

224 2776 262 2815 re
281 2761 355 2814 illo.
377 2792 408 2797 —
436 2776 534 2816 assas
556 2762 622 2815 add.
642 2778 676 2815 ex

223 2833 348 2895 flctcod.
367 2832 623 2901 hum-porros
642 2849 676 2886 ex

223 2918 282 2972 par.
303 2912 331 2959 et
350 2902 422 2958 hum.
442 2920 493 2973 pro
512 2920 629 2972 porro.
642 2934 673 2942 -

223 2976 317 3029 malim
337 2991 377 3030 cx
396 2991 510 3046 aequa
527 2992 549 3029 c.
566 2975 673 3028 adone.

223 3076 256 3085 -
277 3047 363 3101 verba
384 3047 451 3110 „lias
468 3078 497 3083 —-
510 3045 672 3114 profundis“

223 3124 287 3171 sunt
307 3133 341 3170 ex
359 3121 418 3175 flet
430 3115 503 3170 hum.
517 3147 548 3153 -
564 3131 673 3170 omen-

222 3189 270 3241 tis
288 3186 433 3254 particulis
457 3186 548 3255 adipis
567 3186 674 3254 porcini

221 3259 268 3327 qui
287 3257 412 3311 nascitur
431 3257 466 3310 ab
481 3263 593 3311 omento
612 3273 673 3311 ver-

220 3329 374 3397 naculoque
391 3326 492 3381 dicitur
503 3327 617 3394 lappen-
629 3327 674 3380 vel

220 3397 422 3469 gekroesefett,
437 3413 491 3466 quo
510 3398 607 3466 pingui
625 3413 674 3452 no-

220 3472 320 3526 biliore
339 3468 446 3538 patella
460 3469 673 3537 circumquaque

222 3542 362 3607 unguitur,
387 3556 422 3594 ne
451 3555 542 3594 massa
570 3539 672 3594 adhae-

222 3620 314 3671 rescat
323 3628 412 3682 nequo
426 3617 530 3675 uratur,
549 3611 600 3666 sed
610 3610 672 3666 bro·

733 2053 760 2105 vi
780 2057 873 2106 crusta
892 2050 1016 2108 formosa
1029 2058 1062 2108 ut
1072 2055 1182 2110 existat.

733 2153 765 2160 -
791 2123 977 2191 angularis
1002 2125 1112 2192 patella
1139 2141 1184 2180 aa

731 2209 784 2248 nea
807 2210 824 2247 a
849 2193 938 2249 forma
963 2196 1093 2264 angulari
1118 2197 1138 2250 'a
1160 2213 1182 2251 e

732 2267 869 2333 quadrata
887 2267 928 2320 sio
946 2266 1023 2320 dicta
1041 2268 1103 2322 265.
1123 2269 1182 2322 noo

730 2365 765 2374 -
791 2343 830 2390 ut
854 2351 962 2405 supra
986 2336 1070 2392 codd.
1091 2369 1124 2378 -
1148 2343 1184 2394 ut

731 2405 840 2461 ducat
882 2408 963 2462 codd.
1002 2439 1035 2447 —
1084 2411 1183 2464 ocius
1220 2467 1224 2474 ,

731 2479 828 2532 oand.
850 2479 931 2533 codd.
951 2484 981 2534 et
1006 2479 1050 2533 cd.
1070 2480 1182 2536 mediol.

732 2548 767 2602 cf.
789 2549 849 2604 249.
1174 2564 1177 2571 ’

785 2621 821 2674 ad
849 2622 909 2674 195.
947 2621 1104 2676 indicam
1125 2637 1181 2676 co-

730 2690 790 2744 lore
818 2692 910 2746 indico
939 2707 989 2745 seu
1016 2693 1108 2760 nigro,
1136 2694 1182 2762 qui

730 2762 854 2815 nascitur
888 2779 922 2816 ex
954 2761 1082 2816 adhibito
1099 2763 1181 2826 atria-

730 2838 824 2886 mento
847 2834 994 2900 sepiarum.
1020 2834 1099 2902 sepia
1121 2834 1181 2888 ofli—

730 2903 826 2956 cinalis
853 2909 882 2957 et
905 2903 983 2971 sepia
1008 2905 1118 2972 sepiola
1135 2921 1181 2974 sy·

729 2974 864 3037 otomatis,
883 2969 1056 3038 kuttelfisch‚
1081 2974 1180 3029 kunu-

728 3061 823 3108 wurm‚
843 3045 894 3099 sub
914 3050 1011 3100 ventre
1024 3044 1179 3100 folliculum

728 3116 809 3183 nigro
834 3115 942 3184 liquore
966 3115 1104 3184 repletum
1132 3116 1178 3169 ha-

727 3185 785 3248 bet,
805 3185 934 3250 σηπέδονι,
960 3186 1032 3241 unde
1051 3186 1179 3241 animalis

727 3273 836 3320 nomeu,
856 3257 931 3326 quod
948 3256 1107 3326 ὑπόσφαγμα
1121 3257 1178 3311 vul-

729 3343 767 3396 go
792 3329 879 3392 μέλαν,
904 3333 1090 3383 atramentum
1113 3328 1178 3382 dioi-

729 3405 774 3452 tur
802 3404 830 3452 et
858 3400 947 3467 pisam
974 3400 1055 3468 nigro
1085 3398 1177 3454 coloro

728 3469 841 3523 afficere
868 3469 992 3537 periculo
1020 3486 1076 3524 non
1102 3469 1177 3524 facto

728 3540 845 3609 quisque
870 3541 978 3614 credet..
1001 3557 1036 3596 eo
1061 3541 1178 3608 tingitur

727 3626 781 3663 non
800 3611 889 3665 miuus
913 3612 984 3666 bene
1008 3626 1090 3681 quam
1108 3611 1175 3668 alibi
