2498 4178
183 443 203 508 6
587 436 738 496 Praefatio.

183 608 215 670 et
236 602 418 670 testimonio
438 603 508 667 Tuo
532 600 686 685 singulari
709 621 761 666 me
783 604 940 684 perpetuo
962 599 1137 681 ornaveris,

181 710 243 776 nisi
268 730 330 794 ego
354 711 403 776 Te
426 709 634 776 vehementer
658 708 791 792 diligam
811 716 844 775 et
859 729 1061 794 summopere
1081 711 1137 776 ob·

182 837 309 886 servem
330 837 501 899 meumque
524 816 596 883 Tibi
621 817 728 898 aliqua
752 837 793 882 ex
815 822 908 901 parte
926 823 1050 898 gratum
1070 816 1137 882 ani-

130 957 137 978 ι
181 945 268 991 mum
297 923 474 1006 ostendam,
507 924 710 1006 inhumanae,
734 925 890 990 barbarus
913 923 1048 989 iudicari
1072 944 1137 990 me-

178 1025 241 1099 rito
264 1031 395 1116 possim.
428 1050 621 1113 quamquam
652 1031 736 1097 enim
766 1031 833 1096 scio
861 1032 909 1096 Te
934 1049 1007 1096 esse
1030 1030 1137 1096 animo

181 1145 248 1206 tam
281 1139 409 1206 excelso
440 1158 635 1221 magnoque,
670 1144 706 1203 ut
735 1138 813 1204 nihil
847 1158 987 1220 unquam
1021 1138 1055 1203 in
1085 1160 1138 1206 me

182 1247 278 1315 officii
301 1246 482 1329 contuleris,
513 1252 548 1311 ut
571 1245 708 1330 gratiam
732 1245 805 1310 Tibi
830 1267 850 1311 a
873 1265 924 1311 mc
947 1245 1059 1312 referri
1083 1254 1139 1314 aut

182 1360 392 1442 exspectares
416 1359 471 1419 aut
493 1355 604 1436 velles,
634 1359 742 1420 tamen
766 1352 848 1419 sicut
870 1354 920 1418 Tu
944 1353 1137 1419 benevolen-

180 1462 257 1530 tiam
289 1462 392 1528 Tuam
422 1461 456 1526 in
485 1480 537 1527 me
567 1466 695 1528 exstare
723 1459 861 1542 voluisti,
892 1460 938 1526 ita
959 1460 1036 1525 mihi
1059 1461 1137 1526 dan·

181 1570 258 1637 darn
291 1587 364 1636 esse
387 1587 521 1652 operam
545 1568 701 1650 exiebmo,
730 1575 764 1633 ut
787 1568 894 1650 aliquo
918 1568 1033 1633 saltem
1057 1567 1137 1650 vigi-

180 1677 294 1744 liarum
322 1694 465 1742 mearum
495 1677 683 1742 munusculo
718 1676 767 1741 Te
797 1675 944 1757 afficiam,
979 1672 1013 1738 irl
1052 1674 1138 1756 quod

183 1783 244 1851 erit
267 1781 433 1864 eiusmodi,
457 1787 579 1847 utnon
602 1804 623 1847 a
645 1803 696 1848 me
718 1781 926 1865 proficiscens
950 1781 992 1847 ad
1016 1783 1064 1848 Te
1083 1802 1137 1848 ve-

183 1888 261 1973 niat,
294 1888 352 1955 sed
382 1894 418 1955 ut
449 1889 511 1954 abs·
532 1889 580 1954 Te
603 1889 691 1974 prius
714 1887 893 1973 profectum
916 1887 1057 1971 mihique
1081 1888 1137 1954 do-

182 2001 291 2065 natum
313 2015 398 2061 nunc
421 1993 465 2060 ad
487 1995 535 2061 Te
559 1995 675 2062 reverti
697 1995 793 2061 valde
817 1995 932 2080 cupiat.
957 1995 1065 2077 itaque
1088 1996 1138 2061 Tu

182 2108 313 2188 praeter
337 2107 467 2169 caetera
494 2103 565 2167 Tua
587 2102 620 2167 in
643 2123 694 2168 me
717 2102 831 2168 merita
858 2108 1037 2168 currentem
1060 2102 1136 2168 inci-

182 2210 268 2293 tasti,
292 2208 433 2276 mendici
456 2209 602 2275 omnibus
625 2209 722 2274 armis
744 2208 979 2293 praesidiisque
995 2208 1159 2276 destituti

181 2336 294 2402 param
324 2315 497 2401 implevisti
528 2315 667 2399 quinque
702 2315 867 2382 codicibus
901 2316 1136 2400 manuscriptis,

183 2443 264 2507 quos
294 2423 418 2506 ingenti
448 2423 532 2488 aeris
563 2422 709 2507 pondere
735 2443 794 2507 per
824 2423 910 2488 viros
940 2422 987 2488 rei
1015 2424 1137 2507 peritos

183 2529 356 2612 diligenter
378 2529 432 2596 vel
455 2530 686 2599 describendos
709 2531 762 2597 vel
786 2528 999 2596 conferendos
1019 2532 1137 2597 curasti

182 2655 248 2703 non
269 2635 422 2718 ignorans
453 2637 597 2703 laborem
624 2638 826 2721 ingeniorum
849 2635 918 2703 sine
941 2636 1057 2703 talibus
1080 2637 1137 2703 ad·

181 2742 331 2809 iumentis
354 2742 542 2827 plerumque
572 2765 690 2809 vanum
719 2763 791 2811 esse
822 2743 1002 2824 multasque
1024 2764 1137 2810 manus

182 2869 262 2916 onus
293 2848 395 2915 levius
427 2850 564 2933 efficere,
604 2851 751 2935 Apicium
784 2850 905 2916 habere
938 2869 1001 2915 non
1032 2871 1137 2934 pauca

182 2977 264 3040 quae
295 2978 337 3024 ne
366 2957 484 3043 Apollo
508 2956 637 3040 quidem
658 2957 837 3040 intellegat,
869 2976 970 3041 opera
993 2956 1137 3040 Sibyllae

181 3063 211 3132 ei
242 3084 324 3148 opus
355 3084 437 3147 esse,
469 3066 559 3132 locos
588 3065 772 3129 innumeros
803 3064 973 3130 cimmeriis
995 3065 1136 3130 tenebris

72 3216 76 3222 -
179 3171 350 3252 involutos,
374 3177 409 3237 ut
431 3191 473 3237 ne
495 3170 708 3237 Execestides
732 3170 861 3252 quidem
884 3170 969 3236 nam
992 3172 1137 3238 invenire

204 3277 294 3347 oesit.

174 3299 201 3374 ‘p
247 3384 338 3462 Quae
369 3403 420 3449 ree
451 3383 590 3448 maxime
621 3384 726 3450 solent
755 3385 955 3466 antiquorum
978 3385 1067 3451 libris
1090 3385 1135 3450 la·

180 3492 255 3557 bem
277 3491 397 3559 inferre
421 3510 480 3557 eae
502 3490 650 3557 videntur
673 3512 792 3583 omnes·
815 3490 858 3558 ad
892 3491 1135 3575 depravandum
1230 3563 1238 3579 ⁸

179 3597 242 3664 hoc
264 3599 358 3685 Apici
382 3599 569 3687 opusculum
600 3599 812 3684 conspirasse,
843 3596 937 3664 huius
969 3599 1055 3667 enim
1083 3619 1136 3668 co·
