2498 4178
463 472 525 531 Lib.
534 475 582 530 IV.
611 475 774 530 Pandentes.
1054 475 1094 540 77

144 635 221 700 tima
244 634 368 700 fuerint.
393 635 474 700 hace
504 636 611 699 omnia
634 634 785 700 concides
809 634 980 716 diligenter
1002 654 1097 720 prae-

127 730 193 788 ter
221 724 374 805 ficetulas,
407 744 468 787 ova
495 744 571 788 vero
597 723 706 804 cruda,
739 744 810 788 cum
842 725 913 788 oleo
938 722 1096 788 dissolvis.

145 818 232 876 teres
254 812 356 896 piper,
380 811 561 893 ligisticum,
591 811 755 875 suffundes
777 813 947 894 liquamen,
978 812 1095 892 vinum,

145 919 276 986 passum
300 901 386 964 etin
410 902 583 965 caccabum
607 899 702 964 mittis
725 905 759 963 nt
783 900 910 965 calefiat
938 905 969 965 et
991 898 1096 964 amolo

145 989 288 1070 obligas..
304 994 400 1053 antea
417 995 525 1052 tamen
549 989 664 1072 pulpas
680 988 826 1053 concisas
842 989 1008 1053 universas
1022 987 1097 1052 illuc

144 1078 251 1142 mittes
283 1082 314 1139 et
342 1079 387 1143 sic
418 1076 528 1141 bulliat
562 1081 595 1140 at
617 1076 671 1140 ubi
694 1083 818 1141 coctum
839 1076 943 1158 fuerit,
974 1076 1097 1142 levabis

145 1184 216 1230 oum
238 1165 307 1230 iure
331 1184 388 1229 suo
422 1170 453 1229 et
482 1165 515 1229 in
538 1164 690 1251 patellam
714 1165 844 1230 alternis
868 1165 909 1229 de
932 1164 1097 1229 111111616-

143 1253 242 1318 funde
266 1253 386 1335 sicium,
415 1253 535 1339 piperis
567 1272 668 1334 grana
697 1253 824 1335 integra
853 1260 884 1318 et
906 1253 1028 1317 nucleis
1050 1251 1097 1338 pi-

144 1342 224 1423 neis,
248 1342 293 1406 ita
316 1349 350 1406 ut
371 1363 430 1428 per
453 1342 580 1422 singula
600 1341 688 1406 coria
706 1344 890 1407 substernas
911 1341 1096 1428 diploidem,

145 1430 220 1496 dein
250 1431 403 1513 laganum
433 1430 584 1494 similiter.
615 1435 769 1513 quotquot
797 1431 917 1512 lagana
940 1429 1097 1517 posueris,

144 1524 191 1584 tot
213 1520 323 1584 trullas
345 1519 460 1605 inples,
486 1518 625 1603 desuper
647 1518 779 1584 adicies.
804 1539 900 1583 unum
916 1539 992 1585 vero
1007 1519 1097 1601 laga·

144 1626 217 1672 num
249 1607 354 1672 fistula
384 1607 543 1694 percuties
572 1612 604 1672 et
633 1626 730 1693 super
752 1608 898 1693 inpones.
931 1608 1024 1694 piper
1047 1627 1097 1673 as-

144 1716 273 1783 parges.
298 1702 373 1762 ante
395 1704 503 1761 tamen
524 1695 596 1760 illas
616 1697 732 1782 pulpas
746 1697 814 1761 ovis
831 1695 1003 1762 confractis
1020 1695 1097 1761 obli·
1195 1717 1198 1727 ¹

145 1786 238 1867 gabis
263 1789 295 1851 et
317 1787 363 1850 sic
384 1789 418 1849 in
434 1785 605 1851 saccabnm
620 1785 734 1867 mittes,
758 1791 824 1849 tum
838 1785 1017 1873 inpensam.
1041 1805 1098 1870 pa·

144 1875 254 2028 piealpppn
278 1873 433 1962 [aeneam]
467 1874 593 1955 qualem
616 1872 717 1939 debes
740 1874 860 1940 habere
887 1874 971 1938 infra
994 1879 1098 1939 osten·

215 2049 287 2116 135.
312 2049 461 2115 Patina
485 2049 712 2117 catiliano:
742 2022 884 2137 accipies
906 2050 1023 2115 frustra
1046 2068 1096 2113 su-

144 2140 238 2204 minis
270 2142 371 2219 cocta,
407 2138 522 2224 pulpas
552 2139 686 2223 piscium
718 2144 838 2220 coctas,
874 2139 989 2226 pulpas
1020 2137 1099 2224 pulli

145 2233 263 2295 coctas.
288 2227 369 2291 haec
394 2229 500 2291 omnia
524 2226 685 2309 concides,
710 2225 862 2314 [accipias
877 2226 1029 2313 patellam
1044 2245 1098 2290 ae·

144 2408 262 2492 61161361*
278 2422 337 2475 133.
358 2426 386 2476 et
401 2417 538 2486 ,'adoma“
559 2421 596 2475 ad
650 2437 721 2490 quae
750 2421 808 2474 121.
838 2424 906 2489 apta
931 2425 975 2474 est
999 2419 1098 2474 substi-
1172 2425 1173 2428 ’
1225 2426 1227 2431 ’

149 2493 287 2560 ,nucleis“
313 2493 373 2545 206.
398 2492 526 2545 sicium
550 2491 596 2560 isi-
650 2492 755 2546 tuenda
773 2496 834 2545 erat
853 2491 1032 2545 catiliano
1051 2490 1098 2545 de·

146 2565 227 2627 cium,
252 2561 393 2625 haecksel,
416 2561 596 2617 1111166166-
649 2563 747 2617 liciosa
766 2563 810 2617 vel
830 2562 1038 2617 castellana
1061 2561 1099 2615 ad

127 2635 232 2689 'rium
265 2635 338 2702 lage,
374 2631 505 2687 schichte.
544 2633 595 2686 di·
651 2634 759 2688 castelli
786 2628 904 2702 figuram
924 2633 1033 2687 effecta.
1063 2631 1097 2685 cf.

145 2705 242 2774 plois
268 2705 358 2759 solnm
378 2704 480 2758 ceteris
499 2704 595 2758 tractis
650 2704 757 2758 Arnob.
783 2704 809 2767 4,
828 2705 871 2756 42.
899 2719 960 2757 cum
979 2705 1098 2771 interpp.

145 2776 273 2837 crassius,
292 2775 470 2843 doppellage,
485 2774 595 2829 mantel.
650 2775 754 2830 Athen.
776 2775 879 2835 1451.
900 2775 960 2829 Cat.
975 2774 1017 2827 84.
1037 2773 1096 2828 Sal-

145 2847 227 2902 dein
241 2862 309 2900 corr.
323 2862 373 2913 pro
387 2846 432 2898 in.
449 2875 480 2881 —
495 2846 596 2915 laga·
650 2862 716 2899 mas.
745 2847 774 2899 in
799 2845 884 2899 Solin.
907 2862 935 2912 p.
955 2846 998 2899 90.
1017 2845 1043 2898 b.
1065 2874 1098 2881 -

145 2934 223 2972 num
243 2922 344 2979 tracta,
363 2916 442 2985 quasi
460 2918 596 2970 membra·
650 2933 730 2971 snm.
750 2924 856 2970 cocta
875 2931 936 2969 cum
946 2916 1026 2970 Hum.
1047 2930 1098 2982 pro

145 2989 220 3051 nula,
232 2986 424 3041 kuchenblatt.
440 2985 512 3040 fist.
524 3003 595 3056 per·
651 2994 790 3042 coetum
809 2992 838 3040 et
857 2991 994 3040 coctam
1017 2984 1098 3038 codd.

137 3064 211 3114 'cut
238 3059 340 3112 baculo
363 3064 453 3112 terete
472 3059 593 3126 compla-
649 3063 775 3126 praestet
803 3057 901 3112 cocti
932 3057 990 3110 134.
1021 3059 1099 3123 post-

145 3131 226 3185 nabis
246 3130 453 3193 etattcnuabis‚
473 3129 527 3182 den
538 3130 597 3197 teig
651 3144 738 3198 quam·
758 3129 860 3196 pulpae
891 3127 983 3182 dictae
1008 3127 1099 3181 conci-

144 3202 195 3256 mit
219 3200 270 3254 der
294 3200 364 3254 rolle
389 3216 422 3253 zu
441 3200 529 3253 cinam
548 3215 595 3253 nu·
650 3215 698 3254 sae
718 3207 747 3253 et
764 3201 792 3252 in
811 3199 931 3253 caccabo
955 3198 1015 3253 ovis
1034 3213 1099 3252 con·

146 3271 304 3327 delkuchen
331 3271 506 3334 austreiben,
534 3286 596 3326 aus·
650 3270 746 3325 fractis
765 3269 918 3324 dissolutae
943 3275 974 3324 et
992 3269 1099 3337 obliga-

145 3344 259 3398 waelsn.
280 3342 393 3396 trulla
408 3339 596 3408 schoepfloef-
651 3348 697 3396 tae
716 3347 788 3404 sunt,
807 3343 849 3396 ius
858 3346 973 3409 paratur
983 3341 1010 3394 in
1023 3339 1099 3409 quod

145 3413 191 3471 fel.
213 3445 246 3452 -
273 3411 450 3467 infra135.
472 3413 542 3465 1941
650 3415 753 3482 pulpae
771 3412 836 3467 illae
857 3418 887 3466 ut
901 3414 1025 3479 impensa
1036 3411 1098 3464 mit-

199 3486 237 3539 ad
257 3485 316 3539 135.
357 3501 408 3552 pro
434 3483 530 3550 inepta
548 3498 596 3552 pas
651 3490 755 3548 tuntur,
775 3483 876 3538 deinde
893 3484 924 3537 in
942 3483 1032 3537 altera
1049 3496 1099 3550 pa-

146 3557 205 3612 tina
231 3555 427 3611 cotidiana
469 3554 530 3609 cod.
569 3573 594 3602 π.
651 3555 710 3608 tina
729 3561 871 3609 artocreas
890 3555 1048 3608 exstruitur.
1065 3583 1098 3592 -

146 3627 597 3699 velquotidianareliquornm
652 3626 797 3693 obligas
817 3625 909 3680 amolo
930 3625 988 3680 134.
1017 3623 1099 3680 sub·
