<?xml version="1.0" encoding="UTF-8"?>
<!DOCTYPE html PUBLIC "-//W3C//DTD XHTML 1.0 Transitional//EN"
    "http://www.w3.org/TR/xhtml1/DTD/xhtml1-transitional.dtd">
<html xmlns="http://www.w3.org/1999/xhtml" xml:lang="en" lang="en">
 <head>
  <title>
</title>
<meta http-equiv="Content-Type" content="text/html;charset=utf-8" />
  <meta name='ocr-system' content='tesseract 3.04.00' />
  <meta name='ocr-capabilities' content='ocr_page ocr_carea ocr_par ocr_line ocrx_word'/>
</head>
<body>
  <div class='ocr_page' id='page_1' title='image "apicicaeliderec00schugoog_0099.png"; bbox 0 0 2498 4178; ppageno 0'>
   <div class='ocr_carea' id='block_1_1' title="bbox 146 409 777 477">
    <p class='ocr_par' dir='ltr' id='par_1_1' title="bbox 146 409 777 477">
     <span class='ocr_line' id='line_1_1' title="bbox 146 409 777 477; baseline -0.005 -2"><span class='ocrx_word' id='word_1_1' title='bbox 146 410 190 477; x_wconf 81' lang='grc'><strong>92</strong></span> <span class='ocrx_word' id='word_1_2' title='bbox 458 409 519 469; x_wconf 80' lang='lat' dir='ltr'><strong>Lib.</strong></span> <span class='ocrx_word' id='word_1_3' title='bbox 540 412 586 468; x_wconf 92' lang='lat' dir='ltr'><strong>1v.</strong></span> <span class='ocrx_word' id='word_1_4' title='bbox 612 409 777 472; x_wconf 61' lang='lat' dir='ltr'><strong>Pandente&amp;</strong></span> 
     </span>
    </p>
   </div>
   <div class='ocr_carea' id='block_1_2' title="bbox 144 571 1104 2258">
    <p class='ocr_par' dir='ltr' id='par_1_2' title="bbox 144 571 1104 1190">
     <span class='ocr_line' id='line_1_2' title="bbox 147 571 1104 659; baseline -0.002 -18"><span class='ocrx_word' id='word_1_5' title='bbox 147 571 236 641; x_wconf 74' lang='lat' dir='ltr'><strong>ciola‘</strong></span> <span class='ocrx_word' id='word_1_6' title='bbox 262 572 392 655; x_wconf 89' lang='lat' dir='ltr'><strong>minuta,</strong></span> <span class='ocrx_word' id='word_1_7' title='bbox 423 573 587 640; x_wconf 85' lang='lat' dir='ltr'><strong>testiculos</strong></span> <span class='ocrx_word' id='word_1_8' title='bbox 619 593 787 658; x_wconf 88' lang='lat' dir='ltr'><strong>caponum,</strong></span> <span class='ocrx_word' id='word_1_9' title='bbox 824 572 1008 655; x_wconf 89' lang='lat' dir='ltr'><strong>glandulas</strong></span> <span class='ocrx_word' id='word_1_10' title='bbox 1037 592 1104 659; x_wconf 91' lang='lat' dir='ltr'><strong>por-</strong></span> 
     </span>
     <span class='ocr_line' id='line_1_3' title="bbox 147 663 1103 748; baseline 0 -20"><span class='ocrx_word' id='word_1_11' title='bbox 147 663 290 728; x_wconf 87' lang='lat' dir='ltr'><strong>cellinas.</strong></span> <span class='ocrx_word' id='word_1_12' title='bbox 323 663 405 728; x_wconf 89' lang='lat' dir='ltr'><strong>baec</strong></span> <span class='ocrx_word' id='word_1_13' title='bbox 434 663 540 728; x_wconf 91' lang='lat' dir='ltr'><strong>omnia</strong></span> <span class='ocrx_word' id='word_1_14' title='bbox 559 663 592 727; x_wconf 90' lang='lat' dir='ltr'><strong>in</strong></span> <span class='ocrx_word' id='word_1_15' title='bbox 616 683 652 730; x_wconf 91' lang='lat' dir='ltr'><strong>se</strong></span> <span class='ocrx_word' id='word_1_16' title='bbox 675 667 860 745; x_wconf 78' lang='lat' dir='ltr'><strong>coquantur.</strong></span> <span class='ocrx_word' id='word_1_17' title='bbox 887 668 979 729; x_wconf 85' lang='lat' dir='ltr'><strong>teres</strong></span> <span class='ocrx_word' id='word_1_18' title='bbox 1005 664 1103 748; x_wconf 80' lang='lat' dir='ltr'><strong>piper,</strong></span> 
     </span>
     <span class='ocr_line' id='line_1_4' title="bbox 144 750 1103 834; baseline 0.003 -19"><span class='ocrx_word' id='word_1_19' title='bbox 144 750 328 834; x_wconf 85' lang='lat' dir='ltr'><strong>ligisticum,</strong></span> <span class='ocrx_word' id='word_1_20' title='bbox 360 752 562 818; x_wconf 84' lang='lat' dir='ltr'>coriandrum</span> <span class='ocrx_word' id='word_1_21' title='bbox 584 752 686 816; x_wconf 87' lang='lat' dir='ltr'><strong>viride</strong></span> <span class='ocrx_word' id='word_1_22' title='bbox 708 751 762 816; x_wconf 83' lang='lat' dir='ltr'><strong>vel</strong></span> <span class='ocrx_word' id='word_1_23' title='bbox 784 770 910 831; x_wconf 88' lang='lat' dir='ltr'><strong>semen,</strong></span> <span class='ocrx_word' id='word_1_24' title='bbox 935 751 1103 819; x_wconf 77' lang='lat' dir='ltr'><strong>suffundor</strong></span> 
     </span>
     <span class='ocr_line' id='line_1_5' title="bbox 145 839 1102 920; baseline 0.002 -17"><span class='ocrx_word' id='word_1_25' title='bbox 145 839 317 920; x_wconf 84' lang='lat' dir='ltr'>liquamen,</span> <span class='ocrx_word' id='word_1_26' title='bbox 349 840 471 906; x_wconf 80' lang='lat' dir='ltr'><strong>adicies</strong></span> <span class='ocrx_word' id='word_1_27' title='bbox 501 841 605 906; x_wconf 90' lang='lat' dir='ltr'><strong>mellis</strong></span> <span class='ocrx_word' id='word_1_28' title='bbox 636 840 798 905; x_wconf 92' lang='lat' dir='ltr'><strong>modicum</strong></span> <span class='ocrx_word' id='word_1_29' title='bbox 826 845 859 903; x_wconf 89' lang='lat' dir='ltr'><strong>ct</strong></span> <span class='ocrx_word' id='word_1_30' title='bbox 886 840 943 905; x_wconf 83' lang='lat' dir='ltr'><strong>ius</strong></span> <span class='ocrx_word' id='word_1_31' title='bbox 973 839 1020 906; x_wconf 87' lang='lat' dir='ltr'><strong>dc</strong></span> <span class='ocrx_word' id='word_1_32' title='bbox 1048 860 1102 905; x_wconf 90' lang='lat' dir='ltr'><strong>suo</strong></span> 
     </span>
     <span class='ocr_line' id='line_1_6' title="bbox 144 927 1100 1013; baseline 0.003 -22"><span class='ocrx_word' id='word_1_33' title='bbox 144 927 215 1009; x_wconf 90' lang='lat' dir='ltr'><strong>sibi,</strong></span> <span class='ocrx_word' id='word_1_34' title='bbox 246 928 320 992; x_wconf 82' lang='lat' dir='ltr'><strong>vino</strong></span> <span class='ocrx_word' id='word_1_35' title='bbox 353 935 384 993; x_wconf 89' lang='lat' dir='ltr'><strong>et</strong></span> <span class='ocrx_word' id='word_1_36' title='bbox 417 930 511 994; x_wconf 89' lang='lat' dir='ltr'><strong>mello</strong></span> <span class='ocrx_word' id='word_1_37' title='bbox 542 929 746 1013; x_wconf 80' lang='lat' dir='ltr'><strong>temperabis.</strong></span> <span class='ocrx_word' id='word_1_38' title='bbox 777 927 879 993; x_wconf 87' lang='lat' dir='ltr'><strong>facies</strong></span> <span class='ocrx_word' id='word_1_39' title='bbox 908 934 945 993; x_wconf 90' lang='lat' dir='ltr'><strong>ut</strong></span> <span class='ocrx_word' id='word_1_40' title='bbox 966 927 1100 995; x_wconf 82' lang='lat' dir='ltr'><strong>ferveat</strong></span> 
     </span>
     <span class='ocr_line' id='line_1_7' title="bbox 145 1016 1100 1104; baseline 0.003 -25"><span class='ocrx_word' id='word_1_41' title='bbox 145 1035 217 1079; x_wconf 91' lang='lat' dir='ltr'><strong>cum</strong></span> <span class='ocrx_word' id='word_1_42' title='bbox 246 1016 407 1098; x_wconf 80' lang='lat' dir='ltr'><strong>terruerit,</strong></span> <span class='ocrx_word' id='word_1_43' title='bbox 438 1024 573 1083; x_wconf 88' lang='lat' dir='ltr'><strong>tractam</strong></span> <span class='ocrx_word' id='word_1_44' title='bbox 597 1017 791 1099; x_wconf 80' lang='lat' dir='ltr'><strong>confringes,</strong></span> <span class='ocrx_word' id='word_1_45' title='bbox 824 1016 963 1103; x_wconf 83' lang='lat' dir='ltr'><strong>obligas.</strong></span> <span class='ocrx_word' id='word_1_46' title='bbox 994 1016 1100 1104; x_wconf 87' lang='lat' dir='ltr'><strong>coagi-</strong></span> 
     </span>
     <span class='ocr_line' id='line_1_8' title="bbox 144 1104 700 1190; baseline 0.005 -24"><span class='ocrx_word' id='word_1_47' title='bbox 144 1108 205 1169; x_wconf 86' lang='lat' dir='ltr'><strong>tas.</strong></span> <span class='ocrx_word' id='word_1_48' title='bbox 230 1104 322 1189; x_wconf 87' lang='lat' dir='ltr'><strong>piper</strong></span> <span class='ocrx_word' id='word_1_49' title='bbox 345 1106 493 1190; x_wconf 82' lang='lat' dir='ltr'><strong>aspargis</strong></span> <span class='ocrx_word' id='word_1_50' title='bbox 518 1112 550 1171; x_wconf 91' lang='lat' dir='ltr'><strong>et</strong></span> <span class='ocrx_word' id='word_1_51' title='bbox 571 1105 700 1172; x_wconf 79' lang='lat' dir='ltr'><strong>interes.</strong></span> 
     </span>
    </p>

    <p class='ocr_par' dir='ltr' id='par_1_3' title="bbox 144 1191 1100 2258">
     <span class='ocr_line' id='line_1_9' title="bbox 216 1191 1100 1263; baseline 0.003 -5"><span class='ocrx_word' id='word_1_52' title='bbox 216 1195 287 1261; x_wconf 86' lang='grc'><strong>174.</strong></span> <span class='ocrx_word' id='word_1_53' title='bbox 313 1195 489 1259; x_wconf 89' lang='lat' dir='ltr'><strong>Minutal</strong></span> <span class='ocrx_word' id='word_1_54' title='bbox 511 1195 753 1260; x_wconf 89' lang='lat' dir='ltr'><strong>matianum:</strong></span> <span class='ocrx_word' id='word_1_55' title='bbox 783 1191 905 1259; x_wconf 80' lang='lat' dir='ltr'><strong>adicies</strong></span> <span class='ocrx_word' id='word_1_56' title='bbox 929 1193 964 1261; x_wconf 90' lang='lat' dir='ltr'><strong>in</strong></span> <span class='ocrx_word' id='word_1_57' title='bbox 988 1214 1100 1263; x_wconf 82' lang='lat' dir='ltr'><strong>cacoc-</strong></span> 
     </span>
     <span class='ocr_line' id='line_1_10' title="bbox 147 1281 1099 1365; baseline 0 -18"><span class='ocrx_word' id='word_1_58' title='bbox 147 1282 221 1347; x_wconf 89' lang='lat' dir='ltr'><strong>bum</strong></span> <span class='ocrx_word' id='word_1_59' title='bbox 253 1285 367 1365; x_wconf 88' lang='lat' dir='ltr'><strong>oleum,</strong></span> <span class='ocrx_word' id='word_1_60' title='bbox 400 1284 571 1364; x_wconf 86' lang='lat' dir='ltr'><strong>liquamen,</strong></span> <span class='ocrx_word' id='word_1_61' title='bbox 606 1290 738 1349; x_wconf 86' lang='lat' dir='ltr'><strong>coctura</strong></span> <span class='ocrx_word' id='word_1_62' title='bbox 770 1281 924 1347; x_wconf 90' lang='lat' dir='ltr'><strong>concides</strong></span> <span class='ocrx_word' id='word_1_63' title='bbox 960 1301 1099 1365; x_wconf 89' lang='lat' dir='ltr'><strong>porrum,</strong></span> 
     </span>
     <span class='ocr_line' id='line_1_11' title="bbox 146 1369 1099 1456; baseline 0.001 -20"><span class='ocrx_word' id='word_1_64' title='bbox 146 1372 359 1455; x_wconf 83' lang='lat' dir='ltr'><strong>coriandrum,</strong></span> <span class='ocrx_word' id='word_1_65' title='bbox 383 1372 475 1438; x_wconf 90' lang='lat' dir='ltr'><strong>isicia</strong></span> <span class='ocrx_word' id='word_1_66' title='bbox 496 1372 627 1452; x_wconf 90' lang='lat' dir='ltr'><strong>minuta,</strong></span> <span class='ocrx_word' id='word_1_67' title='bbox 651 1371 811 1456; x_wconf 87' lang='lat' dir='ltr'><strong>spatulam</strong></span> <span class='ocrx_word' id='word_1_68' title='bbox 835 1369 1004 1456; x_wconf 87' lang='lat' dir='ltr'><strong>porcinam</strong></span> <span class='ocrx_word' id='word_1_69' title='bbox 1020 1390 1099 1437; x_wconf 85' lang='lat' dir='ltr'><strong>ccc·</strong></span> 
     </span>
     <span class='ocr_line' id='line_1_12' title="bbox 144 1458 1098 1542; baseline 0 -17"><span class='ocrx_word' id='word_1_70' title='bbox 144 1465 210 1525; x_wconf 89' lang='lat' dir='ltr'><strong>tam</strong></span> <span class='ocrx_word' id='word_1_71' title='bbox 233 1461 421 1526; x_wconf 87' lang='lat' dir='ltr'><strong>tessellatim</strong></span> <span class='ocrx_word' id='word_1_72' title='bbox 445 1460 596 1526; x_wconf 87' lang='lat' dir='ltr'><strong>concides</strong></span> <span class='ocrx_word' id='word_1_73' title='bbox 620 1481 690 1526; x_wconf 89' lang='lat' dir='ltr'><strong>cum</strong></span> <span class='ocrx_word' id='word_1_74' title='bbox 715 1480 773 1525; x_wconf 89' lang='lat' dir='ltr'><strong>sua</strong></span> <span class='ocrx_word' id='word_1_75' title='bbox 795 1459 857 1525; x_wconf 91' lang='lat' dir='ltr'><strong>sibi</strong></span> <span class='ocrx_word' id='word_1_76' title='bbox 880 1459 1022 1542; x_wconf 81' lang='lat' dir='ltr'><strong>tergilla.</strong></span> <span class='ocrx_word' id='word_1_77' title='bbox 1054 1458 1098 1525; x_wconf 83' lang='grc'><strong>11-</strong></span> 
     </span>
     <span class='ocr_line' id='line_1_13' title="bbox 146 1548 1098 1633; baseline -0.001 -19"><span class='ocrx_word' id='word_1_78' title='bbox 146 1548 213 1614; x_wconf 84' lang='lat' dir='ltr'><strong>cias</strong></span> <span class='ocrx_word' id='word_1_79' title='bbox 236 1554 271 1613; x_wconf 87' lang='lat' dir='ltr'><strong>ut</strong></span> <span class='ocrx_word' id='word_1_80' title='bbox 293 1548 386 1614; x_wconf 92' lang='lat' dir='ltr'><strong>simul</strong></span> <span class='ocrx_word' id='word_1_81' title='bbox 417 1548 603 1633; x_wconf 82' lang='lat' dir='ltr'><strong>coquantur.</strong></span> <span class='ocrx_word' id='word_1_82' title='bbox 633 1549 741 1614; x_wconf 89' lang='lat' dir='ltr'><strong>media</strong></span> <span class='ocrx_word' id='word_1_83' title='bbox 769 1554 899 1614; x_wconf 88' lang='lat' dir='ltr'><strong>coctura</strong></span> <span class='ocrx_word' id='word_1_84' title='bbox 922 1550 1012 1614; x_wconf 85' lang='lat' dir='ltr'><strong>mala</strong></span> <span class='ocrx_word' id='word_1_85' title='bbox 1035 1568 1098 1613; x_wconf 77' lang='lat' dir='ltr'><strong>ma</strong></span> 
     </span>
     <span class='ocr_line' id='line_1_14' title="bbox 144 1637 1098 1724; baseline 0.001 -23"><span class='ocrx_word' id='word_1_86' title='bbox 144 1637 235 1702; x_wconf 89' lang='lat' dir='ltr'><strong>tiana</strong></span> <span class='ocrx_word' id='word_1_87' title='bbox 258 1644 396 1724; x_wconf 87' lang='lat' dir='ltr'><strong>purgata</strong></span> <span class='ocrx_word' id='word_1_88' title='bbox 424 1639 623 1719; x_wconf 86' lang='lat' dir='ltr'><strong>intrinsecus,</strong></span> <span class='ocrx_word' id='word_1_89' title='bbox 653 1638 783 1704; x_wconf 89' lang='lat' dir='ltr'><strong>concisa</strong></span> <span class='ocrx_word' id='word_1_90' title='bbox 809 1637 1000 1702; x_wconf 83' lang='lat' dir='ltr'><strong>tessellatim</strong></span> <span class='ocrx_word' id='word_1_91' title='bbox 1031 1637 1098 1702; x_wconf 89' lang='lat' dir='ltr'><strong>mit·</strong></span> 
     </span>
     <span class='ocr_line' id='line_1_15' title="bbox 144 1726 1097 1811; baseline 0.001 -22"><span class='ocrx_word' id='word_1_92' title='bbox 144 1730 204 1792; x_wconf 91' lang='lat' dir='ltr'><strong>tes.</strong></span> <span class='ocrx_word' id='word_1_93' title='bbox 238 1727 313 1791; x_wconf 91' lang='lat' dir='ltr'><strong>dum</strong></span> <span class='ocrx_word' id='word_1_94' title='bbox 334 1727 487 1810; x_wconf 81' lang='lat' dir='ltr'><strong>coquitur,</strong></span> <span class='ocrx_word' id='word_1_95' title='bbox 519 1733 603 1792; x_wconf 85' lang='lat' dir='ltr'><strong>teres</strong></span> <span class='ocrx_word' id='word_1_96' title='bbox 633 1727 737 1811; x_wconf 89' lang='lat' dir='ltr'><strong>piper,</strong></span> <span class='ocrx_word' id='word_1_97' title='bbox 773 1726 933 1806; x_wconf 89' lang='lat' dir='ltr'><strong>ciminum,</strong></span> <span class='ocrx_word' id='word_1_98' title='bbox 975 1727 1097 1792; x_wconf 89' lang='lat' dir='ltr'><strong>corian-</strong></span> 
     </span>
     <span class='ocr_line' id='line_1_16' title="bbox 147 1812 1097 1895; baseline 0.004 -19"><span class='ocrx_word' id='word_1_99' title='bbox 147 1812 238 1877; x_wconf 92' lang='lat' dir='ltr'><strong>drum</strong></span> <span class='ocrx_word' id='word_1_100' title='bbox 269 1816 371 1882; x_wconf 72' lang='lat' dir='ltr'><strong>mridc</strong></span> <span class='ocrx_word' id='word_1_101' title='bbox 402 1816 455 1880; x_wconf 91' lang='lat' dir='ltr'><strong>vel</strong></span> <span class='ocrx_word' id='word_1_102' title='bbox 477 1835 597 1895; x_wconf 88' lang='lat' dir='ltr'><strong>semen,</strong></span> <span class='ocrx_word' id='word_1_103' title='bbox 628 1821 779 1895; x_wconf 87' lang='lat' dir='ltr'><strong>mentam,</strong></span> <span class='ocrx_word' id='word_1_104' title='bbox 809 1814 922 1879; x_wconf 89' lang='lat' dir='ltr'><strong>lasaris</strong></span> <span class='ocrx_word' id='word_1_105' title='bbox 943 1815 1097 1895; x_wconf 81' lang='lat' dir='ltr'><strong>radicem,</strong></span> 
     </span>
     <span class='ocr_line' id='line_1_17' title="bbox 145 1901 1097 1985; baseline 0.003 -19"><span class='ocrx_word' id='word_1_106' title='bbox 145 1902 309 1969; x_wconf 86' lang='lat' dir='ltr'><strong>suffundas</strong></span> <span class='ocrx_word' id='word_1_107' title='bbox 333 1910 468 1983; x_wconf 87' lang='lat' dir='ltr'><strong>acetum,</strong></span> <span class='ocrx_word' id='word_1_108' title='bbox 493 1906 566 1985; x_wconf 87' lang='lat' dir='ltr'><strong>mel,</strong></span> <span class='ocrx_word' id='word_1_109' title='bbox 590 1904 763 1985; x_wconf 87' lang='lat' dir='ltr'><strong>liquamen,</strong></span> <span class='ocrx_word' id='word_1_110' title='bbox 788 1901 957 1968; x_wconf 88' lang='lat' dir='ltr'><strong>defrictum</strong></span> <span class='ocrx_word' id='word_1_111' title='bbox 972 1903 1097 1970; x_wconf 88' lang='lat' dir='ltr'><strong>modico</strong></span> 
     </span>
     <span class='ocr_line' id='line_1_18' title="bbox 146 1991 1097 2077; baseline -0.001 -20"><span class='ocrx_word' id='word_1_112' title='bbox 146 1997 178 2057; x_wconf 89' lang='lat' dir='ltr'><strong>ot</strong></span> <span class='ocrx_word' id='word_1_113' title='bbox 200 1991 249 2056; x_wconf 88' lang='lat' dir='ltr'><strong>ius</strong></span> <span class='ocrx_word' id='word_1_114' title='bbox 273 1992 314 2057; x_wconf 91' lang='lat' dir='ltr'><strong>de</strong></span> <span class='ocrx_word' id='word_1_115' title='bbox 338 2012 396 2057; x_wconf 88' lang='lat' dir='ltr'><strong>suo</strong></span> <span class='ocrx_word' id='word_1_116' title='bbox 420 1992 490 2073; x_wconf 89' lang='lat' dir='ltr'><strong>sibi,</strong></span> <span class='ocrx_word' id='word_1_117' title='bbox 522 1998 636 2058; x_wconf 90' lang='lat' dir='ltr'><strong>acoeto</strong></span> <span class='ocrx_word' id='word_1_118' title='bbox 660 1992 789 2056; x_wconf 92' lang='lat' dir='ltr'><strong>modico</strong></span> <span class='ocrx_word' id='word_1_119' title='bbox 812 1991 1019 2077; x_wconf 88' lang='lat' dir='ltr'><strong>temperabis.</strong></span> <span class='ocrx_word' id='word_1_120' title='bbox 1051 1991 1097 2056; x_wconf 82' lang='lat' dir='ltr'><strong>iu·</strong></span> 
     </span>
     <span class='ocr_line' id='line_1_19' title="bbox 146 2079 1097 2162; baseline 0.001 -17"><span class='ocrx_word' id='word_1_121' title='bbox 146 2080 213 2146; x_wconf 88' lang='lat' dir='ltr'><strong>cies</strong></span> <span class='ocrx_word' id='word_1_122' title='bbox 244 2087 278 2146; x_wconf 87' lang='lat' dir='ltr'><strong>ut</strong></span> <span class='ocrx_word' id='word_1_123' title='bbox 308 2082 442 2147; x_wconf 86' lang='lat' dir='ltr'><strong>ferveat.</strong></span> <span class='ocrx_word' id='word_1_124' title='bbox 468 2100 539 2146; x_wconf 91' lang='lat' dir='ltr'><strong>cum</strong></span> <span class='ocrx_word' id='word_1_125' title='bbox 563 2081 723 2162; x_wconf 79' lang='lat' dir='ltr'><strong>terruerit,</strong></span> <span class='ocrx_word' id='word_1_126' title='bbox 754 2086 889 2145; x_wconf 87' lang='lat' dir='ltr'><strong>tractam</strong></span> <span class='ocrx_word' id='word_1_127' title='bbox 913 2079 1097 2162; x_wconf 84' lang='lat' dir='ltr'><strong>confringes</strong></span> 
     </span>
     <span class='ocr_line' id='line_1_20' title="bbox 148 2167 962 2258; baseline -0.001 -23"><span class='ocrx_word' id='word_1_128' title='bbox 148 2176 180 2235; x_wconf 91' lang='lat' dir='ltr'><strong>et</strong></span> <span class='ocrx_word' id='word_1_129' title='bbox 203 2190 244 2235; x_wconf 86' lang='lat' dir='ltr'><strong>ex</strong></span> <span class='ocrx_word' id='word_1_130' title='bbox 268 2192 308 2238; x_wconf 90' lang='lat' dir='ltr'><strong>ea</strong></span> <span class='ocrx_word' id='word_1_131' title='bbox 332 2171 467 2254; x_wconf 88' lang='lat' dir='ltr'><strong>obligas.</strong></span> <span class='ocrx_word' id='word_1_132' title='bbox 492 2171 586 2255; x_wconf 90' lang='lat' dir='ltr'><strong>piper</strong></span> <span class='ocrx_word' id='word_1_133' title='bbox 609 2169 757 2258; x_wconf 85' lang='lat' dir='ltr'><strong>aspargis</strong></span> <span class='ocrx_word' id='word_1_134' title='bbox 780 2176 812 2234; x_wconf 87' lang='lat' dir='ltr'><strong>et</strong></span> <span class='ocrx_word' id='word_1_135' title='bbox 833 2167 962 2234; x_wconf 83' lang='lat' dir='ltr'><strong>inferes.</strong></span> 
     </span>
    </p>
   </div>
   <div class='ocr_carea' id='block_1_3' title="bbox 142 2309 1114 3651">
    <p class='ocr_par' dir='ltr' id='par_1_4' title="bbox 142 2309 1097 3438">
     <span class='ocr_line' id='line_1_21' title="bbox 147 2309 1096 2379; baseline -0.002 -12"><span class='ocrx_word' id='word_1_136' title='bbox 147 2327 202 2368; x_wconf 90' lang='lat' dir='ltr'><strong>non</strong></span> <span class='ocrx_word' id='word_1_137' title='bbox 225 2314 350 2377; x_wconf 87' lang='lat' dir='ltr'><strong>exemtis,</strong></span> <span class='ocrx_word' id='word_1_138' title='bbox 371 2313 436 2379; x_wconf 89' lang='lat' dir='ltr'><strong>,sed</strong></span> <span class='ocrx_word' id='word_1_139' title='bbox 450 2311 596 2368; x_wconf 86' lang='lat' dir='ltr'><strong>ferrocau-</strong></span> <span class='ocrx_word' id='word_1_140' title='bbox 650 2312 723 2366; x_wconf 89' lang='lat' dir='ltr'><strong>unde</strong></span> <span class='ocrx_word' id='word_1_141' title='bbox 742 2312 818 2379; x_wconf 90' lang='lat' dir='ltr'><strong>prius</strong></span> <span class='ocrx_word' id='word_1_142' title='bbox 837 2311 965 2373; x_wconf 82' lang='lat' dir='ltr'><strong>advecta,</strong></span> <span class='ocrx_word' id='word_1_143' title='bbox 992 2309 1096 2365; x_wconf 86' lang='lat' dir='ltr'><strong>Athen.</strong></span> 
     </span>
     <span class='ocr_line' id='line_1_22' title="bbox 147 2380 1097 2477; baseline -0.002 -39"><span class='ocrx_word' id='word_1_144' title='bbox 147 2384 230 2441; x_wconf 82' lang='lat' dir='ltr'><strong>danto</strong></span> <span class='ocrx_word' id='word_1_145' title='bbox 251 2385 406 2440; x_wconf 81' lang='lat' dir='ltr'><strong>calcaribus</strong></span> <span class='ocrx_word' id='word_1_146' title='bbox 416 2384 515 2437; x_wconf 89' lang='lat' dir='ltr'><strong>inustis</strong></span> <span class='ocrx_word' id='word_1_147' title='bbox 526 2399 597 2451; x_wconf 87' lang='lat' dir='ltr'><strong>quae</strong></span> <span class='ocrx_word' id='word_1_148' title='bbox 649 2384 676 2446; x_wconf 88' lang='lat'><strong>3,</strong></span> <span class='ocrx_word' id='word_1_149' title='bbox 702 2384 743 2477; x_wconf 72' lang='grc'><strong>73.</strong></span> <span class='ocrx_word' id='word_1_150' title='bbox 770 2381 868 2466; x_wconf 76' lang='lat' dir='ltr'><strong>Isidor.</strong></span> <span class='ocrx_word' id='word_1_151' title='bbox 889 2381 931 2445; x_wconf 91' lang='lat'><strong>17,</strong></span> <span class='ocrx_word' id='word_1_152' title='bbox 952 2381 977 2464; x_wconf 73' lang='lat'><strong>7,</strong></span> <span class='ocrx_word' id='word_1_153' title='bbox 995 2382 1023 2436; x_wconf 83' lang='lat'><strong>3.</strong></span> <span class='ocrx_word' id='word_1_154' title='bbox 1046 2380 1097 2466; x_wconf 72' lang='lat' dir='ltr'><strong>scd</strong></span> 
     </span>
     <span class='ocr_line' id='line_1_23' title="bbox 145 2451 1096 2586; baseline 0 -8"><span class='ocrx_word' id='word_1_155' title='bbox 145 2461 597 2579; x_wconf 62' lang='lat'><strong>11371137117373771</strong></span> <span class='ocrx_word' id='word_1_156' title='bbox 650 2454 720 2583; x_wconf 64' lang='lat' dir='ltr'><strong>iul]</strong></span> <span class='ocrx_word' id='word_1_157' title='bbox 743 2451 1096 2586; x_wconf 67' lang='grc'><strong>1111111111711</strong></span> 
     </span>
     <span class='ocr_line' id='line_1_24' title="bbox 146 2591 1096 2663; baseline -0.003 -13"><span class='ocrx_word' id='word_1_158' title='bbox 146 2601 219 2659; x_wconf 85' lang='lat' dir='ltr'><strong>cant,</strong></span> <span class='ocrx_word' id='word_1_159' title='bbox 238 2591 349 2663; x_wconf 86' lang='lat' dir='ltr'><strong>figulari</strong></span> <span class='ocrx_word' id='word_1_160' title='bbox 367 2600 444 2650; x_wconf 83' lang='lat' dir='ltr'><strong>creta</strong></span> <span class='ocrx_word' id='word_1_161' title='bbox 458 2595 595 2650; x_wconf 85' lang='lat' dir='ltr'><strong>linuntur“</strong></span> <span class='ocrx_word' id='word_1_162' title='bbox 651 2601 703 2648; x_wconf 85' lang='lat' dir='ltr'><strong>sat.</strong></span> <span class='ocrx_word' id='word_1_163' title='bbox 722 2596 748 2656; x_wconf 89' lang='lat'><strong>3,</strong></span> <span class='ocrx_word' id='word_1_164' title='bbox 771 2596 812 2656; x_wconf 85' lang='lat'><strong>19,</strong></span> <span class='ocrx_word' id='word_1_165' title='bbox 831 2595 854 2646; x_wconf 82' lang='lat'><strong>2.</strong></span> <span class='ocrx_word' id='word_1_166' title='bbox 866 2610 892 2662; x_wconf 94' lang='lat' dir='ltr'><strong>p.</strong></span> <span class='ocrx_word' id='word_1_167' title='bbox 903 2593 965 2647; x_wconf 83' lang='lat'><strong>349.</strong></span> <span class='ocrx_word' id='word_1_168' title='bbox 977 2623 1009 2632; x_wconf 91' lang='lat'>-</span> <span class='ocrx_word' id='word_1_169' title='bbox 1023 2608 1096 2662; x_wconf 85' lang='lat' dir='ltr'><strong>spa-</strong></span> 
     </span>
     <span class='ocr_line' id='line_1_25' title="bbox 146 2664 1096 2735; baseline -0.005 -14"><span class='ocrx_word' id='word_1_170' title='bbox 146 2681 217 2735; x_wconf 83' lang='lat' dir='ltr'><strong>quac</strong></span> <span class='ocrx_word' id='word_1_171' title='bbox 237 2671 301 2720; x_wconf 87' lang='lat' dir='ltr'><strong>sunt</strong></span> <span class='ocrx_word' id='word_1_172' title='bbox 320 2666 407 2721; x_wconf 90' lang='lat' dir='ltr'><strong>verba</strong></span> <span class='ocrx_word' id='word_1_173' title='bbox 425 2665 596 2722; x_wconf 83' lang='lat' dir='ltr'><strong>Columellae</strong></span> <span class='ocrx_word' id='word_1_174' title='bbox 651 2665 762 2719; x_wconf 87' lang='lat' dir='ltr'><strong>tulam</strong></span> <span class='ocrx_word' id='word_1_175' title='bbox 789 2681 820 2732; x_wconf 91' lang='lat' dir='ltr'><strong>p.</strong></span> <span class='ocrx_word' id='word_1_176' title='bbox 847 2671 877 2717; x_wconf 88' lang='lat' dir='ltr'><strong>ut</strong></span> <span class='ocrx_word' id='word_1_177' title='bbox 903 2664 954 2717; x_wconf 90' lang='lat'><strong>175</strong></span> <span class='ocrx_word' id='word_1_178' title='bbox 983 2670 1014 2719; x_wconf 87' lang='lat' dir='ltr'><strong>et</strong></span> <span class='ocrx_word' id='word_1_179' title='bbox 1039 2665 1096 2718; x_wconf 90' lang='grc'><strong>176.</strong></span> 
     </span>
     <span class='ocr_line' id='line_1_26' title="bbox 145 2735 1096 2822; baseline 0 -32"><span class='ocrx_word' id='word_1_180' title='bbox 145 2737 171 2800; x_wconf 90' lang='grc'><strong>8,</strong></span> <span class='ocrx_word' id='word_1_181' title='bbox 190 2737 215 2798; x_wconf 98' lang='grc'><strong>7,</strong></span> <span class='ocrx_word' id='word_1_182' title='bbox 235 2739 259 2791; x_wconf 88' lang='lat'><strong>3.</strong></span> <span class='ocrx_word' id='word_1_183' title='bbox 280 2752 314 2790; x_wconf 85' lang='lat' dir='ltr'><strong>cx</strong></span> <span class='ocrx_word' id='word_1_184' title='bbox 333 2736 413 2790; x_wconf 89' lang='lat' dir='ltr'><strong>Varr.</strong></span> <span class='ocrx_word' id='word_1_185' title='bbox 432 2738 458 2799; x_wconf 89' lang='grc'><strong>3,</strong></span> <span class='ocrx_word' id='word_1_186' title='bbox 473 2739 537 2800; x_wconf 86' lang='lat'><strong>9‚3</strong></span> <span class='ocrx_word' id='word_1_187' title='bbox 558 2737 592 2791; x_wconf 88' lang='lat' dir='ltr'><strong>cf.</strong></span> <span class='ocrx_word' id='word_1_188' title='bbox 651 2738 709 2790; x_wconf 93' lang='lat'><strong>177.</strong></span> <span class='ocrx_word' id='word_1_189' title='bbox 730 2741 759 2790; x_wconf 93' lang='lat' dir='ltr'><strong>et</strong></span> <span class='ocrx_word' id='word_1_190' title='bbox 778 2751 822 2804; x_wconf 88' lang='lat' dir='ltr'><strong>ap.</strong></span> <span class='ocrx_word' id='word_1_191' title='bbox 842 2735 955 2822; x_wconf 82' lang='lat' dir='ltr'><strong>Turpin.</strong></span> <span class='ocrx_word' id='word_1_192' title='bbox 975 2735 1025 2790; x_wconf 91' lang='lat' dir='ltr'><strong>vit.</strong></span> <span class='ocrx_word' id='word_1_193' title='bbox 1048 2735 1096 2790; x_wconf 84' lang='grc'><strong>01-</strong></span> 
     </span>
     <span class='ocr_line' id='line_1_27' title="bbox 145 2804 1097 2871; baseline -0.007 -9"><span class='ocrx_word' id='word_1_194' title='bbox 145 2812 176 2862; x_wconf 76' lang='grc'><strong>61</strong></span> <span class='ocrx_word' id='word_1_195' title='bbox 193 2807 262 2862; x_wconf 84' lang='lat' dir='ltr'><strong>Plin.</strong></span> <span class='ocrx_word' id='word_1_196' title='bbox 273 2808 298 2870; x_wconf 82' lang='lat'><strong>8,</strong></span> <span class='ocrx_word' id='word_1_197' title='bbox 311 2808 351 2861; x_wconf 80' lang='grc'><strong>77.</strong></span> <span class='ocrx_word' id='word_1_198' title='bbox 373 2808 416 2871; x_wconf 87' lang='lat'><strong>10,</strong></span> <span class='ocrx_word' id='word_1_199' title='bbox 426 2808 468 2861; x_wconf 80' lang='grc'><strong>50.</strong></span> <span class='ocrx_word' id='word_1_200' title='bbox 488 2806 594 2863; x_wconf 79' lang='lat' dir='ltr'><strong>Athen.</strong></span> <span class='ocrx_word' id='word_1_201' title='bbox 649 2806 701 2861; x_wconf 84' lang='lat' dir='ltr'><strong>roli</strong></span> <span class='ocrx_word' id='word_1_202' title='bbox 720 2806 754 2860; x_wconf 84' lang='lat' dir='ltr'><strong>M.</strong></span> <span class='ocrx_word' id='word_1_203' title='bbox 766 2807 809 2858; x_wconf 68' lang='lat'><strong>20.</strong></span> <span class='ocrx_word' id='word_1_204' title='bbox 829 2823 864 2853; x_wconf 84' lang='grc' dir='ltr'><strong>σπ</strong></span> <span class='ocrx_word' id='word_1_205' title='bbox 845 2825 911 2854; x_wconf 72' lang='lat' dir='ltr'><strong>cruror</strong></span> <span class='ocrx_word' id='word_1_206' title='bbox 896 2804 966 2870; x_wconf 79' lang='grc' dir='ltr'><strong>αλην,</strong></span> <span class='ocrx_word' id='word_1_207' title='bbox 986 2804 1097 2870; x_wconf 75' lang='grc' dir='ltr'><strong>σπάθην,</strong></span> 
     </span>
     <span class='ocr_line' id='line_1_28' title="bbox 145 2875 1096 2946; baseline -0.003 -13"><span class='ocrx_word' id='word_1_208' title='bbox 145 2881 170 2942; x_wconf 87' lang='grc'><strong>9,</strong></span> <span class='ocrx_word' id='word_1_209' title='bbox 189 2879 231 2933; x_wconf 89' lang='grc'><strong>33.</strong></span> <span class='ocrx_word' id='word_1_210' title='bbox 254 2879 351 2934; x_wconf 87' lang='lat' dir='ltr'><strong>Galen.</strong></span> <span class='ocrx_word' id='word_1_211' title='bbox 367 2877 419 2934; x_wconf 85' lang='lat' dir='ltr'><strong>fac.</strong></span> <span class='ocrx_word' id='word_1_212' title='bbox 437 2878 557 2933; x_wconf 88' lang='lat' dir='ltr'><strong>alimeut.</strong></span> <span class='ocrx_word' id='word_1_213' title='bbox 568 2881 595 2943; x_wconf 90' lang='grc'><strong>3,</strong></span> <span class='ocrx_word' id='word_1_214' title='bbox 648 2878 751 2946; x_wconf 87' lang='lat' dir='ltr'><strong>palam,</strong></span> <span class='ocrx_word' id='word_1_215' title='bbox 770 2875 975 2932; x_wconf 84' lang='lat' dir='ltr'><strong>schutterblatt</strong></span> <span class='ocrx_word' id='word_1_216' title='bbox 996 2875 1032 2931; x_wconf 84' lang='lat' dir='ltr'><strong>cf.</strong></span> <span class='ocrx_word' id='word_1_217' title='bbox 1042 2877 1096 2930; x_wconf 91' lang='lat' dir='ltr'><strong>Du·</strong></span> 
     </span>
     <span class='ocr_line' id='line_1_29' title="bbox 146 2894 1095 3013; baseline -0.002 -9"><span class='ocrx_word' id='word_1_218' title='bbox 146 2951 168 3004; x_wconf 93' lang='lat'><strong>7.</strong></span> <span class='ocrx_word' id='word_1_219' title='bbox 189 2951 231 3003; x_wconf 91' lang='grc'><strong>71.</strong></span> <span class='ocrx_word' id='word_1_220' title='bbox 256 2950 416 3006; x_wconf 84' lang='lat' dir='ltr'><strong>Beckmanu</strong></span> <span class='ocrx_word' id='word_1_221' title='bbox 436 2945 540 3004; x_wconf 87' lang='lat' dir='ltr'><strong>Erfind</strong></span> <span class='ocrx_word' id='word_1_222' title='bbox 560 2951 593 3004; x_wconf 94' lang='lat' dir='ltr'><strong>V.</strong></span> <span class='ocrx_word' id='word_1_223' title='bbox 648 2894 860 3013; x_wconf 63' lang='grc'><strong>31111711</strong></span> <span class='ocrx_word' id='word_1_224' title='bbox 889 2948 950 3009; x_wconf 81' lang='lat'><strong>318,</strong></span> <span class='ocrx_word' id='word_1_225' title='bbox 978 2963 996 3000; x_wconf 91' lang='lat' dir='ltr'><strong>a</strong></span> <span class='ocrx_word' id='word_1_226' title='bbox 1019 2948 1095 3002; x_wconf 83' lang='lat' dir='ltr'><strong>Diez.</strong></span> 
     </span>
     <span class='ocr_line' id='line_1_30' title="bbox 143 3017 1097 3090; baseline -0.001 -16"><span class='ocrx_word' id='word_1_227' title='bbox 143 3037 170 3089; x_wconf 89' lang='lat' dir='ltr'><strong>p.</strong></span> <span class='ocrx_word' id='word_1_228' title='bbox 190 3021 340 3076; x_wconf 82' lang='lat'><strong>472-478.</strong></span> <span class='ocrx_word' id='word_1_229' title='bbox 374 3038 452 3076; x_wconf 87' lang='lat' dir='ltr'><strong>meae</strong></span> <span class='ocrx_word' id='word_1_230' title='bbox 475 3020 593 3090; x_wconf 89' lang='lat' dir='ltr'><strong>Antiqq.</strong></span> <span class='ocrx_word' id='word_1_231' title='bbox 649 3019 700 3072; x_wconf 87' lang='lat' dir='ltr'><strong>lox.</strong></span> <span class='ocrx_word' id='word_1_232' title='bbox 712 3018 737 3072; x_wconf 92' lang='lat' dir='ltr'><strong>d</strong></span> <span class='ocrx_word' id='word_1_233' title='bbox 750 3034 816 3072; x_wconf 91' lang='lat' dir='ltr'><strong>rom.</strong></span> <span class='ocrx_word' id='word_1_234' title='bbox 828 3033 883 3084; x_wconf 90' lang='lat' dir='ltr'><strong>spr.</strong></span> <span class='ocrx_word' id='word_1_235' title='bbox 894 3034 920 3085; x_wconf 91' lang='lat' dir='ltr'><strong>p.</strong></span> <span class='ocrx_word' id='word_1_236' title='bbox 931 3017 991 3070; x_wconf 88' lang='grc'><strong>376.</strong></span> <span class='ocrx_word' id='word_1_237' title='bbox 1013 3033 1097 3086; x_wconf 85' lang='lat' dir='ltr'><strong>quaro</strong></span> 
     </span>
     <span class='ocr_line' id='line_1_31' title="bbox 143 3088 1096 3159; baseline -0.002 -14"><span class='ocrx_word' id='word_1_238' title='bbox 143 3108 170 3159; x_wconf 92' lang='lat' dir='ltr'><strong>p.</strong></span> <span class='ocrx_word' id='word_1_239' title='bbox 191 3092 251 3145; x_wconf 88' lang='grc'><strong>601.</strong></span> <span class='ocrx_word' id='word_1_240' title='bbox 280 3098 338 3146; x_wconf 87' lang='lat' dir='ltr'><strong>not.</strong></span> <span class='ocrx_word' id='word_1_241' title='bbox 358 3107 376 3145; x_wconf 88' lang='lat' dir='ltr'><strong>a</strong></span> <span class='ocrx_word' id='word_1_242' title='bbox 395 3092 509 3145; x_wconf 91' lang='lat' dir='ltr'><strong>medicis</strong></span> <span class='ocrx_word' id='word_1_243' title='bbox 531 3105 594 3158; x_wconf 88' lang='lat' dir='ltr'><strong>pas·</strong></span> <span class='ocrx_word' id='word_1_244' title='bbox 648 3105 704 3142; x_wconf 90' lang='lat' dir='ltr'><strong>non</strong></span> <span class='ocrx_word' id='word_1_245' title='bbox 723 3095 766 3141; x_wconf 88' lang='lat' dir='ltr'><strong>cst</strong></span> <span class='ocrx_word' id='word_1_246' title='bbox 785 3088 936 3154; x_wconf 92' lang='lat' dir='ltr'><strong>quodcum</strong></span> <span class='ocrx_word' id='word_1_247' title='bbox 954 3089 1020 3143; x_wconf 85' lang='lat' dir='ltr'><strong>Lex</strong></span> <span class='ocrx_word' id='word_1_248' title='bbox 1030 3089 1096 3143; x_wconf 84' lang='lat' dir='ltr'><strong>For-</strong></span> 
     </span>
     <span class='ocr_line' id='line_1_32' title="bbox 142 3158 1095 3227; baseline -0.003 -11"><span class='ocrx_word' id='word_1_249' title='bbox 142 3162 194 3216; x_wconf 91' lang='lat' dir='ltr'><strong>sim</strong></span> <span class='ocrx_word' id='word_1_250' title='bbox 207 3161 443 3224; x_wconf 85' lang='lat' dir='ltr'><strong>commendantur,</strong></span> <span class='ocrx_word' id='word_1_251' title='bbox 454 3161 593 3216; x_wconf 86' lang='lat' dir='ltr'><strong>Theodor.</strong></span> <span class='ocrx_word' id='word_1_252' title='bbox 649 3159 709 3214; x_wconf 87' lang='lat' dir='ltr'><strong>cell.</strong></span> <span class='ocrx_word' id='word_1_253' title='bbox 743 3158 914 3226; x_wconf 89' lang='lat' dir='ltr'><strong>corrigamus</strong></span> <span class='ocrx_word' id='word_1_254' title='bbox 948 3158 1095 3227; x_wconf 85' lang='lat' dir='ltr'><strong>spathu-</strong></span> 
     </span>
     <span class='ocr_line' id='line_1_33' title="bbox 143 3228 1097 3294; baseline -0.003 -8"><span class='ocrx_word' id='word_1_255' title='bbox 143 3232 230 3287; x_wconf 88' lang='lat' dir='ltr'><strong>Prisc.</strong></span> <span class='ocrx_word' id='word_1_256' title='bbox 256 3233 282 3294; x_wconf 95' lang='grc'><strong>7,</strong></span> <span class='ocrx_word' id='word_1_257' title='bbox 301 3232 326 3285; x_wconf 90' lang='lat'><strong>8.</strong></span> <span class='ocrx_word' id='word_1_258' title='bbox 350 3229 399 3285; x_wconf 86' lang='lat' dir='ltr'><strong>fol.</strong></span> <span class='ocrx_word' id='word_1_259' title='bbox 418 3232 483 3285; x_wconf 87' lang='lat'><strong>303.</strong></span> <span class='ocrx_word' id='word_1_260' title='bbox 503 3231 529 3285; x_wconf 90' lang='lat' dir='ltr'><strong>b.</strong></span> <span class='ocrx_word' id='word_1_261' title='bbox 550 3232 593 3286; x_wconf 89' lang='lat' dir='ltr'><strong>ed.</strong></span> <span class='ocrx_word' id='word_1_262' title='bbox 649 3246 732 3283; x_wconf 87' lang='lat' dir='ltr'><strong>nam.</strong></span> <span class='ocrx_word' id='word_1_263' title='bbox 760 3258 792 3266; x_wconf 93' lang='lat'><strong>—</strong></span> <span class='ocrx_word' id='word_1_264' title='bbox 818 3228 1041 3283; x_wconf 85' lang='lat' dir='ltr'><strong>tessellatim</strong></span> <span class='ocrx_word' id='word_1_265' title='bbox 1068 3235 1097 3284; x_wconf 87' lang='lat' dir='ltr'><strong>ct</strong></span> 
     </span>
     <span class='ocr_line' id='line_1_34' title="bbox 143 3298 1096 3368; baseline -0.001 -13"><span class='ocrx_word' id='word_1_266' title='bbox 143 3301 210 3357; x_wconf 90' lang='lat' dir='ltr'><strong>Ald.</strong></span> <span class='ocrx_word' id='word_1_267' title='bbox 231 3301 329 3356; x_wconf 86' lang='lat' dir='ltr'><strong>Medio.</strong></span> <span class='ocrx_word' id='word_1_268' title='bbox 348 3317 389 3368; x_wconf 82' lang='lat' dir='ltr'><strong>gr.</strong></span> <span class='ocrx_word' id='word_1_269' title='bbox 409 3301 452 3356; x_wconf 92' lang='lat' dir='ltr'><strong>ed.</strong></span> <span class='ocrx_word' id='word_1_270' title='bbox 467 3301 594 3355; x_wconf 86' lang='lat' dir='ltr'><strong>Idelerll</strong></span> <span class='ocrx_word' id='word_1_271' title='bbox 649 3298 789 3354; x_wconf 86' lang='lat' dir='ltr'><strong>cessell.</strong></span> <span class='ocrx_word' id='word_1_272' title='bbox 809 3305 838 3353; x_wconf 88' lang='lat' dir='ltr'><strong>et</strong></span> <span class='ocrx_word' id='word_1_273' title='bbox 857 3305 943 3354; x_wconf 81' lang='lat' dir='ltr'><strong>cest.</strong></span> <span class='ocrx_word' id='word_1_274' title='bbox 967 3301 1048 3354; x_wconf 90' lang='lat' dir='ltr'><strong>codd.</strong></span> <span class='ocrx_word' id='word_1_275' title='bbox 1068 3305 1096 3354; x_wconf 92' lang='lat' dir='ltr'><strong>et</strong></span> 
     </span>
     <span class='ocr_line' id='line_1_35' title="bbox 144 3370 1097 3438; baseline -0.002 -12"><span class='ocrx_word' id='word_1_276' title='bbox 144 3389 172 3438; x_wconf 92' lang='lat' dir='ltr'><strong>p.</strong></span> <span class='ocrx_word' id='word_1_277' title='bbox 191 3373 253 3436; x_wconf 88' lang='grc'><strong>757,</strong></span> <span class='ocrx_word' id='word_1_278' title='bbox 273 3373 316 3426; x_wconf 88' lang='grc'><strong>70.</strong></span> <span class='ocrx_word' id='word_1_279' title='bbox 336 3371 397 3435; x_wconf 91' lang='grc'><strong>778,</strong></span> <span class='ocrx_word' id='word_1_280' title='bbox 418 3373 440 3424; x_wconf 96' lang='lat'><strong>7.</strong></span> <span class='ocrx_word' id='word_1_281' title='bbox 648 3370 788 3425; x_wconf 87' lang='lat'><strong>175.1.76</strong></span> <span class='ocrx_word' id='word_1_282' title='bbox 804 3371 914 3424; x_wconf 84' lang='lat'><strong>177.—</strong></span> <span class='ocrx_word' id='word_1_283' title='bbox 934 3373 1097 3426; x_wconf 74' lang='lat' dir='ltr'><strong>mariana</strong></span> 
     </span>
    </p>

    <p class='ocr_par' dir='ltr' id='par_1_5' title="bbox 144 3441 1114 3651">
     <span class='ocr_line' id='line_1_36' title="bbox 196 3441 1094 3497; baseline -0.002 -1"><span class='ocrx_word' id='word_1_284' title='bbox 196 3443 233 3497; x_wconf 87' lang='lat' dir='ltr'><strong>ad</strong></span> <span class='ocrx_word' id='word_1_285' title='bbox 255 3443 313 3496; x_wconf 88' lang='lat'><strong>174.</strong></span> <span class='ocrx_word' id='word_1_286' title='bbox 344 3457 444 3497; x_wconf 88' lang='lat' dir='ltr'><strong>nomen</strong></span> <span class='ocrx_word' id='word_1_287' title='bbox 468 3441 594 3496; x_wconf 86' lang='lat' dir='ltr'><strong>habeta</strong></span> <span class='ocrx_word' id='word_1_288' title='bbox 648 3441 729 3496; x_wconf 89' lang='lat' dir='ltr'><strong>codd.</strong></span> <span class='ocrx_word' id='word_1_289' title='bbox 749 3441 982 3495; x_wconf 78' lang='lat' dir='ltr'><strong>martianam</strong></span> <span class='ocrx_word' id='word_1_290' title='bbox 1004 3442 1094 3496; x_wconf 79' lang='lat' dir='ltr'><strong>Edico</strong></span> 
     </span>
     <span class='ocr_line' id='line_1_37' title="bbox 145 3511 1096 3583; baseline 0.002 -20"><span class='ocrx_word' id='word_1_291' title='bbox 145 3512 225 3567; x_wconf 86' lang='lat' dir='ltr'><strong>malis</strong></span> <span class='ocrx_word' id='word_1_292' title='bbox 258 3520 316 3568; x_wconf 88' lang='lat' dir='ltr'><strong>mat</strong></span> <span class='ocrx_word' id='word_1_293' title='bbox 319 3513 398 3576; x_wconf 84' lang='lat' dir='ltr'><strong>ianis,</strong></span> <span class='ocrx_word' id='word_1_294' title='bbox 431 3527 503 3583; x_wconf 85' lang='lat' dir='ltr'><strong>quac</strong></span> <span class='ocrx_word' id='word_1_295' title='bbox 530 3513 593 3582; x_wconf 85' lang='lat' dir='ltr'><strong>ipsa</strong></span> <span class='ocrx_word' id='word_1_296' title='bbox 646 3512 736 3567; x_wconf 90' lang='lat' dir='ltr'><strong>Diocl</strong></span> <span class='ocrx_word' id='word_1_297' title='bbox 757 3512 782 3573; x_wconf 91' lang='grc'><strong>6,</strong></span> <span class='ocrx_word' id='word_1_298' title='bbox 801 3511 843 3565; x_wconf 92' lang='grc'><strong>65</strong></span> <span class='ocrx_word' id='word_1_299' title='bbox 863 3512 979 3580; x_wconf 79' lang='lat' dir='ltr'><strong>Hispani</strong></span> <span class='ocrx_word' id='word_1_300' title='bbox 989 3518 1018 3567; x_wconf 89' lang='lat' dir='ltr'><strong>et</strong></span> <span class='ocrx_word' id='word_1_301' title='bbox 1030 3512 1096 3567; x_wconf 92' lang='lat' dir='ltr'><strong>Por</strong></span> 
     </span>
     <span class='ocr_line' id='line_1_38' title="bbox 144 3581 1114 3651; baseline -0.001 -11"><span class='ocrx_word' id='word_1_302' title='bbox 144 3596 200 3640; x_wconf 81' lang='lat' dir='ltr'><strong>uon</strong></span> <span class='ocrx_word' id='word_1_303' title='bbox 223 3598 240 3637; x_wconf 88' lang='lat' dir='ltr'><strong>a</strong></span> <span class='ocrx_word' id='word_1_304' title='bbox 263 3583 326 3641; x_wconf 91' lang='lat' dir='ltr'><strong>loco</strong></span> <span class='ocrx_word' id='word_1_305' title='bbox 353 3584 429 3645; x_wconf 86' lang='lat' dir='ltr'><strong>diota</strong></span> <span class='ocrx_word' id='word_1_306' title='bbox 454 3584 592 3651; x_wconf 86' lang='lat' dir='ltr'><strong>videntur,</strong></span> <span class='ocrx_word' id='word_1_307' title='bbox 646 3583 808 3651; x_wconf 88' lang='lat' dir='ltr'><strong>tugalcnses</strong></span> <span class='ocrx_word' id='word_1_308' title='bbox 853 3581 945 3638; x_wconf 89' lang='lat' dir='ltr'><strong>adhuc</strong></span> <span class='ocrx_word' id='word_1_309' title='bbox 994 3586 1114 3639; x_wconf 75' lang='lat' dir='ltr'><strong>vocant.</strong></span> 
     </span>
    </p>
   </div>
   <div class='ocr_carea' id='block_1_4' title="bbox 0 0 1254 4178">
    <p class='ocr_par' dir='ltr' id='par_1_6' title="bbox 0 0 1254 4178">
     <span class='ocr_line' id='line_1_39' title="bbox 0 0 1254 4178; baseline 0 0"><span class='ocrx_word' id='word_1_310' title='bbox 0 0 1254 4178; x_wconf 95' lang='lat' dir='ltr'><strong> </strong></span> 
     </span>
    </p>
   </div>
  </div>
 </body>
</html>
