2498 4178
379 452 439 508 Lib.
459 452 507 508 1v.
543 452 707 508 Pandectes.
983 453 1024 519 97

74 613 257 694 feniculum,
294 614 410 695 betam,
444 614 592 693 malvam,
628 612 795 678 coliculum
830 611 958 676 mollem
991 617 1023 676 et

74 701 189 766 viridia
212 701 389 766 minutatim
413 703 543 767 concisa
564 703 597 766 in
621 703 794 767 caccabum
817 700 922 765 mittis.
964 699 1024 765 Oo-

74 790 166 856 liolos
198 789 308 855 elixas.
342 796 374 854 et
403 795 489 856 teres
518 789 650 855 feniculi
673 810 783 855 semen
807 789 894 869 satis,
920 789 1024 871 origa-

75 899 159 958 num,
183 877 244 956 silfi
268 876 401 965 (piper),
425 879 606 960 ligisticum.
631 883 801 964 postquam
823 877 958 956 triveris,
990 876 1026 940 li-

76 966 224 1048 quamine
246 967 440 1052 temperabis
464 973 496 1032 et
522 986 619 1052 super
642 966 805 1048 legumina
826 964 970 1031 refundis
995 971 1027 1031 et

75 1054 192 1137 agitas,
221 1055 405 1121 coliclorum
428 1056 550 1120 minuta
574 1075 670 1141 super
694 1054 847 1120 concidis.

145 1145 218 1210 181.
255 1142 424 1209 Gustum
448 1144 662 1224 versatile:
698 1144 788 1209 albas
811 1144 903 1208 betas
926 1142 1026 1207 minu-

74 1237 135 1312 tas,
160 1251 273 1318 porros
297 1231 467 1314 requietas,
492 1232 594 1318 apios,
618 1233 742 1313 bulbos,
767 1233 897 1298 cocleas
915 1231 1026 1296 elixas.

75 1320 200 1403 gigeria
230 1320 397 1406 pullorum,
431 1322 582 1402 ancellas
613 1321 705 1386 isicia
734 1340 853 1403 coques
885 1340 926 1385 ex
947 1320 1026 1385 iure.

75 1410 250 1495 perunguis
273 1409 416 1494 patinam
440 1415 471 1474 et
492 1408 571 1475 folia
592 1410 770 1474 malvarum
797 1410 887 1475 subst
874 1408 971 1474 ternis
996 1413 1028 1473 et

75 1496 236 1584 promixta
202 1497 349 1565 tolera
372 1497 529 1584 conponis
552 1497 633 1564 sicut
655 1499 741 1579 laxa,
769 1496 934 1602 permiscis
958 1497 1026 1564 bul·

75 1585 166 1652 bos
157 1606 313 1669 mversos,
338 1584 543 1668 damascena,
573 1585 747 1668 cocleas,
738 1586 839 1668 rsicia,
863 1586 1027 1653 lucanicae

75 1762 221 1832 qualitatis
239 1763 266 1817 in
284 1762 368 1817 Edict
369 1761 485 1818 oDiocl.
497 1763 523 1827 3,
578 1768 621 1818 est
639 1761 774 1818 ferculum
793 1762 869 1832 quod
887 1767 984 1832 gustat
987 1777 1027 1828 ur,

74 1833 200 1888 9.10.de
219 1833 375 1902 quibusque
384 1834 453 1888 satis
464 1834 532 1906 dic-A
578 1834 682 1889 dictum
701 1834 737 1889 ab
757 1834 923 1889 excellentia
942 1849 1025 1901 sapo-

74 1909 134 1959 tnm
159 1905 231 1958 inter
255 1904 337 1959 Olera
360 1921 388 1972 p.
407 1905 449 1958 35.
477 1905 523 1960 vel
576 1905 614 1959 ris
633 1909 662 1959 et
675 1904 863 1973 splendidiore
888 1911 1027 1973 apparatu

74 1974 188 2029 feniculi
207 1975 353 2029 coliculum
372 1992 406 2028 m.
426 1975 523 2044 quint
577 1975 696 2043 hincque
714 1975 890 2043 potissimum
916 1975 951 2030 de
969 1976 1027 2029 ien-

74 2046 132 2113 apii
157 2046 232 2113 apud
258 2045 365 2100 Colum.
390 2048 432 2109 12,
453 2046 477 2108 7,
497 2048 522 2101 1.
577 2047 672 2114 tacqlo
691 2052 840 2114 usurpatur
858 2052 887 2100 ct
901 2046 1027 2100 converti

75 2116 104 2169 in
123 2132 202 2170 usum
221 2116 369 2185 colligitur
390 2116 522 2171 culicu-
576 2121 672 2184 potest
708 2133 853 2180 vorassem
897 2117 1026 2186 cingang,

76 2187 146 2240 lum
164 2187 319 2241 mollem
329 2187 456 2242 omnibns
467 2186 525 2242 fere
579 2188 733 2254 comparari
753 2187 895 2242 Gallorum
915 2187 1026 2254 ragodt,

77 2257 219 2312 codd—
242 2257 349 2312 viridi
374 2257 455 2312 codd.
475 2259 524 2312 vi·
577 2258 639 2325 plat
670 2258 704 2311 de
732 2259 811 2325 godt,
845 2255 1027 2327 gescbmack·

76 2327 156 2382 ride
176 2327 219 2382 ed.
239 2342 278 2394 pr.
299 2328 327 2381 in
346 2344 402 2396 qua
417 2335 525 2384 unaest
578 2329 678 2396 speise,
698 2328 830 2383 Italorum
854 2343 963 2396 sapore
992 2325 1025 2382 cf.

76 2398 524 2466 minutatimprominutaco·

77 2468 169 2523 dicum
181 2484 229 2536 qur
221 2469 296 2524 209.
310 2469 384 2523 mina
394 2470 526 2526 offerunt.

78 2569 111 2577 —
130 2540 245 2594 elixas
264 2555 298 2592 ex
317 2541 369 2594 103
389 2556 440 2608 pro
460 2540 524 2595 cli·

76 2625 147 2665 xos.
167 2611 268 2663 lacuna
276 2611 304 2663 in
319 2611 330 2669 ζ
339 2627 391 2679 pro
402 2626 436 2665 ea
446 2627 523 2666 voce.

80 2711 111 2718 —
132 2696 203 2749 quae
222 2687 376 2749 sequuntur
394 2683 526 2736 aromati-

78 2757 127 2805 o'ae
151 2751 254 2806 herbae
280 2758 344 2806 sunt
369 2753 472 2807 aridae.
492 2783 525 2790 -

78 2822 231 2877 triveris
250 2838 284 2877 ex
302 2823 525 2878 208cumHum.

77 2908 129 2960 pro
148 2893 342 2962 tribueris.
357 2924 389 2931 -
409 2895 527 2961 agites

78 2964 214 3032 coagitcs.
235 2993 266 3001 -
293 2964 527 3027 coliculorum

77 3033 189 3088 illorum
207 3035 317 3089 interim
331 3040 482 3089 coctorum.
494 3065 526 3072 *

77 3105 232 3160 minutas
252 3105 333 3159 codd.
354 3105 527 3160 minutias

77 3175 160 3230 Hum.
178 3176 364 3243 interpretans
389 3177 527 3244 praecisu-

78 3261 123 3301 ras
158 3246 365 3315 particulasque
399 3247 427 3300 in
459 3261 527 3315 quas

79 3317 184 3372 concisi
203 3323 267 3371 sunt
286 3318 403 3372 coliculi.

132 3388 169 3442 ad
191 3388 248 3442 181.
274 3394 419 3456 gustum
438 3404 459 3442 s.
479 3403 529 3456 gu-

78 3465 148 3522 stus,
158 3458 283 3528 gustatio
290 3460 415 3514 Petronii
425 3460 468 3513 21.
486 3460 530 3512 31.

79 3530 222 3598 gustulum
242 3529 346 3597 Apulei
365 3536 429 3584 met.
450 3531 475 3592 2,
488 3530 528 3583 10.

79 3603 161 3667 γεῦμα
186 3601 234 3668 (ad
259 3600 380 3671 Hesych.
403 3601 431 3655 in
449 3602 531 3664 voc),

107 3687 132 3731 0.
146 3689 239 3743 Apicius
253 3691 288 3732 od.
303 3689 397 3732 Schucb.

579 2397 1027 2462 182.183.184.Athen.4,17

577 2466 627 2526 fin.
645 2468 672 2532 4,
691 2470 732 2523 19.
751 2470 883 2534 34114,
894 2470 937 2524 83.
955 2487 1026 2535 ματ-

577 2540 639 2664 iii
664 2555 713 2664 31¹¹
731 2559 853 2664 iiim
879 2540 1029 2666 tultis.

578 2682 646 2735 bet.
676 2696 734 2748 par.
761 2688 790 2736 et
818 2682 861 2736 ed.
889 2699 929 2750 pr.
960 2697 1030 2750 quas

580 2751 754 2819 explicabam
779 2752 940 2815 translatas,
969 2768 1030 2806 ver-

580 2827 678 2885 sctnte,
698 2839 732 2877 ex
751 2823 821 2878 Plin.
846 2825 884 2886 19,
898 2823 1030 2877 133.135.

581 2893 625 2947 vel
654 2899 809 2960 perceptas,
843 2894 871 2946 in
901 2892 1030 2947 horreum

582 2962 724 3026 collectas,
752 2980 787 3017 ex
814 2964 904 3016 Diezii
932 2963 984 3016 lex.
1003 2963 1029 3016 d.

581 3051 647 3089 rom.
660 3050 714 3100 spr.
734 3050 760 3101 p.
772 3035 814 3087 53.
835 3048 906 3102 quae
916 3049 1031 3101 respon·

582 3106 680 3159 derent
698 3105 787 3172 porris
806 3104 948 3172 requietis,
972 3104 1030 3173 qni-

581 3176 697 3230 buscum
716 3175 799 3230 betae
819 3181 847 3229 et
861 3176 903 3229 62.
914 3175 1031 3244 iungun-

582 3252 635 3300 tur.
665 3276 697 3283 —
726 3247 829 3314 apios
857 3246 961 3301 virides
988 3246 1030 3299 48.

583 3333 645 3371 cum
670 3316 726 3371 suis
745 3318 886 3372 radicibus
906 3318 948 3372 65.
976 3315 1032 3384 apii

582 3388 730 3452 hortensis,
758 3389 948 3458 graveolentis
972 3389 1031 3441 Lin.

583 3459 693 3521 bulbos,
712 3459 934 3521 selleriewurzcl,
953 3458 1033 3513 selle·

585 3528 737 3596 riekoepfe,
763 3530 808 3584 vel
833 3530 936 3597 speciei
961 3529 1033 3583 itali·

586 3615 644 3663 cae,
671 3615 742 3667 quac
767 3601 794 3653 in
814 3601 948 3668 Hispania
967 3600 1034 3654 dici·

913 3706 932 3764 τ
1030 3789 1041 3805 ι
