2498 4178
549 449 702 507 Praefatio.
1059 446 1097 513 11

143 637 223 701 quas
247 635 318 682 cum
343 613 455 681 lexicis
471 615 525 681 alii
541 615 714 699 scriptores
730 614 881 696 ignorant
897 615 929 675 et
945 609 1099 675 citerioris

143 724 260 793 aetatis
282 724 415 808 propria
448 723 607 788 vocabula
638 743 702 788 non
725 722 857 805 neglexi
885 719 1021 784 subinde
1044 739 1100 784 an·

142 838 256 898 notare
279 837 312 896 et
335 831 520 914 explanare.
545 851 586 896 ne
608 831 804 913 reipublicae
827 830 989 896 literariae
1013 828 1100 897 cives

143 939 214 1005 istis
238 936 473 1004 difficultatibus
503 939 536 1003 in
567 945 729 1021 posterum
754 937 974 1004 deterreantur
997 942 1029 1003 et
1051 957 1099 1004 re-

144 1045 272 1129 fugiant
293 1065 314 1110 a
336 1044 478 1126 legendo
495 1052 626 1111 auctore
640 1065 703 1111 non
720 1046 818 1129 plane
830 1045 1029 1111 infructuoso
1047 1051 1102 1110 eut

143 1152 257 1236 inutili,
275 1173 346 1219 cum
361 1150 404 1217 ad
421 1152 680 1234 cognoscendam
695 1172 762 1218 rem
779 1154 937 1237 privatam
957 1159 1101 1220 veterum

145 1265 212 1327 tum
236 1279 336 1344 saepe
360 1258 401 1325 ad
424 1258 589 1325 historiam
617 1259 790 1325 literarium
821 1260 1014 1342 necessario,
1045 1280 1100 1327 ne·

144 1388 208 1453 que
238 1367 376 1448 deniqne
407 1372 440 1431 ut
469 1366 627 1432 communi
657 1368 808 1454 Europae
839 1369 1007 1434 universae
1034 1388 1100 1433 ma

145 1475 243 1559 gistro
260 1473 503 1542 contemnendo.
524 1479 721 1559 praetereas,
745 1481 839 1559 pater
859 1475 1099 1559 elegantiarum,

145 1581 273 1667 siquid
295 1601 360 1647 non
382 1580 460 1646 facit
483 1580 525 1647 ad
549 1582 756 1650 stomachum.
773 1584 942 1649 verborum
958 1601 1101 1648 meorum

144 1689 228 1756 adeo
251 1709 369 1774 parcns
392 1688 447 1771 fni,
477 1696 598 1754 utnon
620 1694 743 1755 tanturn
765 1690 798 1755 in
821 1691 923 1755 nullas
948 1689 1101 1756 orationis

144 1797 355 1865 amoenitates
380 1796 560 1862 diffuderim
584 1797 642 1863 sed
664 1803 697 1864 et
715 1797 899 1879 sententias,
918 1795 973 1863 ubi
992 1798 1101 1881 plnres

145 1910 237 1973 erant
265 1904 307 1971 de
337 1925 373 1970 re
403 1924 476 1987 una,
508 1904 656 1970 diffluere
680 1905 844 1971 maluerim
869 1924 965 1987 qnam
988 1923 1101 1988 opero·

146 2011 230 2076 siore
253 2012 408 2077 semronis
431 2011 530 2077 veluti
552 2017 678 2076 textura
702 2011 899 2079 committere
930 2019 962 2078 et
992 2011 1100 2078 devin-

145 2117 220 2199 cire,
252 2138 293 2184 ne
325 2119 448 2186 scilicet
471 2139 551 2203 opus
573 2119 607 2184 in
630 2119 759 2185 nimiam
781 2120 899 2186 molem
924 2120 1049 2186 etmihi
1070 2126 1102 2186 et

143 2225 256 2291 lectori
286 2227 453 2293 molestam
485 2232 697 2293 excreseeret.
728 2226 770 2291 ad
801 2246 906 2293 meum
938 2226 1101 2294 scribendi

144 2350 256 2415 genus,
280 2333 335 2399 ubi
357 2334 403 2400 sic
427 2334 556 2400 occasio
579 2333 651 2416 fert,
675 2334 757 2400 haec
775 2335 910 2416 habeas,
934 2334 1029 2400 homo
1045 2354 1099 2403 ve·

142 2440 274 2506 nnstior.
293 2440 485 2507 lineamenta
502 2442 665 2510 Ciceronis
679 2463 743 2508 non
762 2441 890 2524 effingo,
912 2441 987 2507 mihi
1002 2442 1100 2525 longe

143 2545 305 2614 honestior
326 2548 408 2614 tauri
430 2549 532 2615 facies
556 2555 611 2615 aut
632 2550 709 2616 item
731 2550 834 2615 leonis
865 2570 958 2632 quam
989 2550 1100 2617 simiae

143 2654 270 2722 videtur
301 2676 384 2738 qnae
413 2662 522 2722 tamen
552 2656 671 2722 homini
696 2657 827 2722 similior
851 2663 908 2723 est.
933 2656 1010 2721 mihi
1033 2656 1100 2738 qui-

144 2761 217 2827 dem
241 2761 421 2845 quicunque
444 2769 566 2829 tantum
590 2769 785 2850 componunt
807 2784 848 2829 ex
868 2763 1043 2829 imitatione
1059 2763 1099 2828 si-

143 2868 235 2935 miles
259 2889 333 2935 esse
355 2870 407 2935 vel
430 2871 568 2953 psittaco
589 2871 640 2935 vel
656 2871 749 2953 picae
765 2871 914 2936 videntur
933 2870 1098 2954 proferen-

142 2974 226 3041 tibus
249 2996 332 3058 quae
355 2997 416 3042 nec
439 2978 638 3060 intellegunt,
672 2984 781 3043 carent
810 2978 893 3042 enim
917 2996 999 3057 quae
1023 2977 1098 3041 scri·

142 3083 221 3148 bunt
243 3083 296 3148 isti
319 3083 439 3150 viribus
464 3092 496 3150 et
510 3085 585 3167 vita,
611 3091 721 3151 carent
735 3088 817 3165 actu,
844 3087 954 3148 carent
971 3082 1096 3163 effectu,

143 3195 252 3254 carent
281 3189 400 3272 indole,
431 3192 547 3274 iacent,
580 3192 748 3274 dormiunt,
779 3195 923 3272 stertunt,
955 3190 1032 3255 nihil
1054 3189 1099 3256 ibi

81 3316 84 3321 ·
141 3315 262 3378 verum,
290 3297 368 3362 nihil
397 3298 544 3381 solidum,
576 3298 653 3363 nihil
684 3298 807 3364 efficax.
839 3318 890 3363 me
920 3303 955 3361 ut
985 3297 1099 3380 opinor

143 3403 297 3488 exprimo,
322 3404 392 3470 sine
416 3405 534 3470 cortice
557 3411 669 3471 natare
692 3406 775 3470 volo.
807 3410 842 3468 ut
864 3406 946 3469 bene
970 3422 1098 3470 currere
1157 3440 1162 3450 ·

142 3529 208 3575 non
231 3516 340 3594 potest
363 3511 416 3592 qui
438 3510 558 3594 pedem
583 3531 706 3595 ponere
726 3511 833 3576 studet
850 3510 882 3575 in
898 3509 1012 3574 alienis
1027 3515 1096 3575 tan·

140 3622 206 3681 turn
230 3617 384 3701 vestigiis,
408 3618 454 3682 ita
477 3637 537 3683 nee
560 3618 643 3685 hene
664 3618 805 3683 scribere
820 3616 873 3698 qui
886 3621 1039 3698 tanquam
1055 3616 1096 3685 de
