2498 4178
142 419 207 485 110
498 419 558 475 Lib.
572 418 605 472 V.
644 420 773 488 Osprecs.

208 577 282 642 204.
315 578 553 643 0616161611
585 578 787 662 depisam:
821 579 969 664 simplici
1001 581 1101 664 pisaur-

142 686 269 748 coques.
294 687 363 731 cunr
388 666 641 749 despumaveris,
666 667 856 733 fasciculum
880 671 976 752 porri
997 675 1030 734 et
1052 689 1096 734 66

141 754 259 819 riandri
278 754 383 818 mittis.
409 754 484 819 dum
501 757 656 837 coquitur,
681 764 766 821 teres
781 756 889 838 piper,
915 758 1096 839 ligisticum,

142 843 317 923 origanum,
342 842 523 925 feniculum,
557 844 598 909 de
621 863 678 907 suo
710 844 771 909 sibi
800 843 950 926 fricabis,
984 845 1097 910 suffun-

142 930 191 995 dis
223 930 383 1012 liquamen
415 939 445 996 ct
476 932 680 1015 temperabis.
715 931 812 995 mittis
842 935 876 995 in
911 935 1095 1014 caccabum,

141 1037 237 1101 super
260 1018 381 1085 adicies
405 1020 508 1085 oleum
533 1026 564 1085 et
586 1020 672 1085 lento
692 1020 760 1101 igni
776 1019 903 1085 ferveat
920 1028 954 1087 et
968 1022 1094 1087 inferes.

209 1108 1095 1192 2050616161666111161161611166166111.

142 1215 212 1263 curn
237 1196 487 1279 despumareris,
512 1202 596 1262 teres
619 1197 721 1282 piper,
739 1197 925 1279 ligisticum‚
958 1205 1094 1277 anetum,

142 1305 255 1370 cepam
279 1285 407 1366 siccam,
432 1285 587 1350 suffundis
610 1286 781 1367 liquamen,
806 1284 916 1350 vinum
941 1292 974 1351 et
998 1287 1094 1368 liqua-

141 1375 225 1440 mine
248 1373 451 1458 temperabis.
477 1375 573 1439 mittis
596 1373 628 1438 in
648 1375 833 1455 caccabum,
865 1380 899 1438 ut
923 1376 1094 1456 combibat

142 1460 260 1527 deinde
284 1482 346 1527 ova
369 1467 517 1545 qnattuor
539 1462 645 1528 solves
660 1463 693 1527 in
710 1462 893 1544 sextarium,
920 1463 1017 1546 pisae
1031 1464 1094 1528 mit·

142 1548 193 1631 tis,
217 1549 331 1633 agitas.
363 1551 459 1617 mittis
481 1551 514 1616 in
537 1571 715 1632 cumanam,
748 1550 790 1616 ad
812 1551 924 1633 ignem
946 1552 1044 1636 ponis
1064 1556 1096 1617 nt

142 1638 240 1705 ducat
263 1644 294 1704 et
315 1638 443 1727 inferes.
772 1642 783 1652 “

209 1729 282 1793 206.
308 1728 409 1794 Aliter
432 1727 608 1794 conciolam
632 1728 678 1793 sic
701 1727 821 1794 facies:
846 1728 1011 1801 concides,
1030 1729 1094 1813 pul·

141 1814 207 1879 lum
229 1817 414 1899 minutatim,
438 1817 620 1898 liquamine,
638 1817 709 1881 oleo
726 1823 757 1880 et
772 1816 845 1881 vino
864 1815 1003 1900 ferveat,
1024 1839 1095 1885 con-

143 1904 231 1970 cides
256 1925 379 1992 cepam,
404 1906 606 1970 coriandrum
628 1905 791 1987 minutum,
817 1907 983 1971 cerebella
1007 1926 1094 1972 ener-

142 2082 206 2151 gis.
217 2111 245 2118 -
261 2085 297 2135 et
311 2096 382 2135 cunr
393 2080 496 2135 bibat
507 2080 588 2134 6611.
644 2080 765 2144 vocavit,
785 2081 926 2148 lamprid.
938 2083 967 2135 in
984 2084 1045 2138 vita
1057 2085 1095 2138 11.

142 2170 203 2207 cum
227 2151 309 2206 Hum.
335 2152 441 2206 correxi
466 2168 500 2206 61
528 2152 588 2204 205.
643 2154 755 2220 pisam
774 2151 1095 2219 1661661202.204.-

142 2224 201 2277 256.
221 2223 282 2278 301.
302 2224 363 2277 320.
644 2222 849 2290 despumav.
877 2224 937 2276 193.
966 2255 1000 2262 -
1027 2241 1096 2280 cunr

195 2292 590 2360 6120161661661111
644 2292 749 2347 bibat
772 2298 796 2353 β.
823 2293 882 2346 203.
911 2323 943 2330 -
971 2297 1096 2364 agitas

141 2364 235 2434 plici
254 2365 336 2419 codd.
348 2365 384 2417 ad
400 2379 491 2418 meum
512 2363 591 2428 „sim-
645 2364 762 2418 mittis
782 2379 834 2417 om.
855 2364 899 2418 61.
919 2380 961 2431 pr,
981 2397 1013 2404 -
1033 2380 1097 2420 ovs

143 2436 224 2503 plici“
254 2435 353 2502 supple
377 2434 423 2488 vel
448 2450 590 2502 oenogaro
646 2449 676 2502 q¹
696 2450 716 2487 s.
737 2435 769 2487 in
787 2441 874 2488 sext.
895 2435 956 2489 306,
988 2445 1017 2474 4
1046 2437 1096 2506 pi·

53 2567 56 2575 Ι
144 2505 203 2558 107.
231 2504 290 2557 140.
320 2505 376 2556 141.
403 2504 534 2567 velitne,
560 2510 592 2559 ut
645 2521 701 2558 sae
720 2505 747 2557 in
766 2505 910 2571 pisam-
931 2505 1096 2562 ducatius

142 2575 176 2628 sit
203 2574 262 2627 sine
290 2574 397 2637 tritura,
425 2575 470 2628 vel
495 2576 590 2629 modo.
647 2576 706 2629 140.
727 2576 853 2629 conciola
872 2577 1004 2644 coquitur
1015 2579 1041 2630 in
1052 2594 1096 2633 cu·

145 2643 179 2698 cf.
201 2645 306 2699 minore
319 2646 376 2698 119.
396 2643 477 2699 fusile
493 2646 591 2699 120-
646 2661 722 2699 mara
741 2647 801 2698 203.
821 2652 853 2699 ut
870 2647 958 2700 11611
976 2649 1096 2703 caccabo

143 2715 304 2783 depisam
354 2716 473 2782 piratam
521 2720 593 2782 (erat
646 2722 774 2785 paratum
812 2716 970 2772 combibere
999 2720 1097 2787 possit,

143 2788 228 2841 etiarn
255 2786 368 2841 verbum
392 2786 493 2854 pisare,
521 2787 593 2841 Non.
648 2787 819 2842 comittitur
844 2787 939 2854 ibique
962 2791 1025 2844 ovis
1044 2791 1097 2844 dis·

142 2875 168 2929 p.
190 2859 267 2925 111.)
288 2857 321 2913 cf.
341 2858 378 2912 ad
391 2858 451 2911 202.
471 2858 594 2926 despu·
648 2858 747 2912 solutis
770 2857 813 2911 iun
835 2858 962 2927 agitatur
980 2866 1010 2914 et
1030 2860 1097 2915 obli·

142 2947 219 2985 mav
231 2932 302 2986 erit
320 2930 400 2985 codd.
420 2936 532 2998 praeter
551 2929 593 2983 ed.
648 2934 739 2998 gratur,
759 2934 790 2981 ut
807 2930 888 2996 plene
903 2930 985 2984 simul
996 2945 1097 3001 coquo

142 3019 183 3070 pr.
211 3004 270 3056 193.
300 3033 334 3041 —
363 3002 404 3055 de
434 3017 496 3055 suo
525 2999 593 3055 sibi
647 3007 702 3068 tur,
730 3004 820 3053 totum
847 3001 875 3054 in
903 3001 1025 3068 priorem
1054 3017 1097 3056 61-

143 3072 202 3125 141.
215 3103 246 3112 -
266 3071 469 3126 feniculum
489 3088 523 3126 ex
533 3072 596 3134 201,
650 3085 759 3124 marram
777 3072 936 3125 remittitur.

142 3159 193 3212 pro
225 3141 453 3197 fasciculum.
484 3173 516 3180 ω
549 3141 593 3195 li·
701 3141 816 3194 61206.
837 3140 1096 3197 anfarciost—

143 3214 307 3283 quamine
326 3219 426 3280 temp.
448 3213 529 3267 codd.
647 3213 749 3266 levas
769 3228 839 3266 corr.
859 3229 911 3281 pro
927 3214 1044 3268 lavas.
1064 3243 1097 3254 -

197 3284 233 3338 ad
253 3285 312 3338 205.
347 3284 515 3338 Commodus
534 3283 593 3337 An·
647 3283 696 3337 ibi
725 3283 845 3338 deinde?
879 3300 914 3337 an
948 3285 1009 3338 ubi
1037 3301 1098 3341 cnm

144 3356 272 3419 tunium,
309 3355 393 3409 Marci
430 3354 594 3422 Philosophi
647 3371 706 3422 pur.
734 3355 751 3408 i.
782 3371 805 3408 e.
834 3356 860 3407 in
888 3354 937 3410 illo
965 3356 1045 3410 iure?
1065 3385 1097 3394 —

143 3423 226 3492 filius,
236 3442 342 3498 genera
351 3427 519 3495 leguminum
531 3442 594 3480 coc·
649 3425 832 3480 condita-m
860 3427 887 3480 in
915 3443 970 3481 uno
999 3431 1018 3488 β
1046 3441 1097 3496 pro

144 3506 235 3555 torum
254 3500 291 3554 ad
310 3499 466 3554 convivium
479 3505 595 3567 propter
648 3497 825 3552 conditas.
838 3529 870 3537 -
888 3498 1097 3567 angularem

144 3568 269 3629 luxuriae
295 3570 529 3626 continuationem
552 3587 594 3625 re·
649 3585 683 3623 61
713 3570 770 3621 194,
797 3571 849 3623 aab
892 3587 943 3639 pro
976 3569 1097 3625 conci·
