2498 4178
174 463 196 527 4
573 456 725 516 Praefatio.

173 641 322 687 romanus
344 623 399 686 ille
422 622 594 686 Maecenas
619 620 762 700 consilio,
794 619 921 702 divitiis,
954 642 1052 704 opera
1080 620 1129 686 fa-

173 730 271 794 vebat
293 728 341 792 sui
364 727 462 791 seculi
485 727 618 791 literatis
641 726 726 806 viris,
750 727 796 790 ita
823 732 854 791 et
877 728 926 789 Tu
950 734 1058 792 noster
1080 726 1129 791 fa-

175 834 230 914 cis,
256 832 515 914 quandoquidem
533 832 644 897 doctos
665 834 780 897 doctus
796 833 867 915 ipse
882 834 972 898 iuvas
990 854 1128 916 semper,

174 944 345 1020 sustentas,
377 939 446 1020 alis,
479 938 539 1003 das
569 959 710 1020 munera,
743 938 863 1021 prodes
896 940 1041 1004 omnibus
1065 947 1129 1004 stu-

175 1045 283 1110 diosis.
316 1065 376 1110 nec
406 1065 502 1128 porro
539 1045 659 1125 dubito,
702 1045 778 1126 quin
808 1066 891 1109 nunc
920 1065 1046 1126 quoque
1077 1048 1131 1110 vel

176 1151 314 1217 maxime
338 1150 442 1216 eidem
466 1151 588 1232 ingenii
612 1151 675 1216 mei
699 1151 801 1216 foetui
824 1152 856 1215 in
879 1152 1039 1234 publicum
1057 1172 1131 1234 pro-

176 1257 287 1324 deunti
311 1257 426 1322 adesse
450 1257 540 1339 velis,
565 1278 627 1339 quo
652 1258 747 1322 tutior
765 1258 847 1322 inter
866 1257 1054 1323 iudiciorum
1075 1278 1131 1340 pe-

175 1365 276 1430 ricula
306 1369 451 1429 versetur
481 1371 577 1446 atque
607 1365 771 1430 honestior
794 1366 864 1429 Tuo
889 1364 1026 1446 nomine,
1060 1365 1131 1429 Tuo

176 1470 361 1557 patrocinio.
387 1471 506 1555 optimo
530 1471 599 1537 iure
623 1471 746 1554 riteque
769 1471 883 1556 Apicio
903 1471 1051 1554 Apicium
1076 1471 1132 1538 de·

177 1577 347 1646 dicandum
369 1578 548 1644 existimavi
570 1598 639 1644 cum
657 1585 691 1642 ut
707 1578 942 1644 observantiam
959 1579 1131 1660 probarem

176 1690 389 1766 testatamque
412 1684 563 1766 facerem,
587 1691 653 1749 tum
674 1685 760 1766 quod
776 1686 824 1750 Te
843 1704 914 1750 oum
929 1684 1039 1768 primis
1054 1684 1131 1750 ista-

77 1782 80 1786 *
174 1811 246 1859 rum
267 1811 372 1858 rerum
395 1792 578 1873 cognitione
602 1792 685 1874 oapi,
709 1792 769 1856 isto
791 1792 988 1874 antiquitatis
1009 1811 1133 1874 genere

176 1898 279 1965 teneri
302 1899 463 1979 otiumque
486 1899 648 1964 oblectare
671 1904 877 1981 perspectum
900 1898 1066 1980 haberem,
1100 1907 1134 1964 ut

178 2004 232 2087 qui
253 2024 415 2086 nunquam
444 2024 508 2068 non
537 2005 662 2070 lectites
687 2004 820 2087 dignum
849 2005 933 2088 quod
957 2006 990 2070 in
1013 2026 1133 2071 memo-

177 2111 245 2178 riae
267 2111 411 2177 alveolos
435 2111 666 2194 compingatur,
698 2132 827 2196 semper
851 2113 990 2177 eruditas
1015 2111 1132 2177 disser-

177 2219 316 2285 tationes
340 2224 371 2284 et
395 2217 553 2298 colloquia
576 2217 723 2300 misceas,
755 2225 789 2282 ut
811 2239 871 2284 neo
894 2238 1006 2283 mensa
1029 2218 1133 2284 doctis

179 2324 389 2392 condimentis
421 2329 530 2389 careat
560 2324 678 2404 vixque
708 2325 869 2389 dilabatur
893 2325 962 2390 sine
985 2325 1132 2390 lectionis

176 2430 281 2497 fructu
312 2430 397 2512 quod
421 2429 520 2494 sacris
544 2429 737 2512 impenditur
760 2442 895 2514 tempus,
927 2432 989 2495 imo
1014 2432 1133 2512 ubique

178 2537 325 2621 genuinis
348 2536 413 2600 suis
436 2536 575 2600 animum
600 2538 740 2602 exsaties
765 2538 889 2620 opibus,
922 2537 967 2601 ita
998 2543 1032 2601 ut
1054 2537 1132 2601 nihil

177 2663 308 2729 prorsus
331 2643 404 2708 Tibi
435 2663 507 2709 cum
531 2644 627 2725 vulgo
654 2643 785 2707 divitum
809 2643 1019 2724 indoctorum,
1052 2663 1132 2724 quos

176 2756 266 2816 recte
290 2749 364 2814 olim
386 2748 552 2829 Diogenes
576 2769 673 2815 aureo
698 2757 829 2815 onustas
849 2751 968 2816 vellere
988 2749 1132 2832 pecudes

177 2855 349 2937 vocitabat,
375 2874 543 2920 commune
567 2876 638 2922 esse
662 2857 803 2940 patiaris.

244 2962 372 3027 Utinam
403 2961 479 3025 milri
510 2963 598 3027 ouius
627 2983 691 3027 non
723 2969 772 3028 est
799 2963 832 3026 in
856 2969 1062 3029 transennam
1085 2963 1131 3028 in-

179 3066 308 3146 ducere,
331 3088 420 3133 rosas
445 3074 477 3134 et
499 3069 621 3150 tragice
644 3069 741 3150 loqui,
765 3068 881 3134 farcire
906 3076 1069 3152 centones,
1095 3091 1132 3136 os

177 3175 339 3241 sublinere
361 3195 420 3256 par
445 3181 529 3240 esset
552 3174 716 3255 ingenium
736 3175 884 3240 laudibus
908 3177 986 3242 Tuis
1001 3178 1053 3242 vel
1069 3178 1131 3241 sal-

176 3288 242 3348 tem
265 3287 299 3345 ut
315 3281 480 3363 cupiditati
496 3300 588 3345 meae
606 3280 835 3364 satisfacerem,
861 3303 1053 3365 quamquam
1073 3303 1132 3349 sua

177 3390 247 3456 luce
272 3387 439 3455 clarissimi
463 3387 522 3450 viri
546 3387 658 3452 alienis
681 3387 829 3470 igniculis
859 3390 963 3454 minus
986 3389 1133 3472 indigent

178 3503 210 3562 et
241 3497 348 3562 lumen
379 3494 439 3561 soli
467 3501 613 3561 mutuare
644 3495 795 3580 ineptum.
826 3516 935 3561 verum
964 3497 1132 3562 verissima

177 3603 282 3672 fronte
313 3605 427 3690 dicam,
455 3604 598 3671 veritatis
630 3604 730 3670 oratio
761 3603 908 3690 simplex,
947 3625 987 3673 ex
1018 3603 1132 3671 schola
