2498 4178
156 396 200 485 40
474 414 533 473 Lib.
548 413 586 473 '11
623 392 790 488 sarmpm'

224 584 276 654 39.
308 578 438 647 Isicia
461 575 512 643 de
535 576 706 659 squillis
730 579 797 644 vel
820 576 867 643 de
891 580 1116 647 cammaris

155 672 320 756 amplis:
358 665 508 733 oammari
537 666 589 731 vel
620 665 755 747 squillae
785 665 827 731 de
856 671 942 731 testa
966 687 1030 733 sua
1054 669 1115 739 exi·

154 767 280 828 muntur
304 763 336 822 et
357 756 390 820 in
413 754 563 819 mortario
586 760 731 820 teruntur
746 774 816 820 cum
833 753 949 839 pipere
967 763 1000 822 et
1015 757 1114 840 liqua-

154 850 240 918 mine
264 847 393 929 optimo.
418 844 518 927 pulpa
540 842 631 908 isicia
654 843 844 925 plassantur.

224 937 277 1002 40.
303 933 523 1000 Omeutata
545 932 603 996 ita
624 929 752 997 fiunt:
781 949 872 996 assas
894 931 988 998 iocur
1010 933 1114 1016 porci·

154 1045 230 1095 num
263 1030 296 1093 et
325 1042 396 1090 eum
421 1039 565 1087 enervas.
597 1024 673 1085 aute
695 1025 802 1085 tamen
825 1025 911 1086 teras
932 1019 1042 1104 piper,
1066 1041 1115 1087 ru·

152 1120 229 1196 tam,
259 1115 420 1197 liquamen
450 1114 483 1175 et
511 1108 557 1175 sic
586 1109 782 1191 supermitlis
802 1107 892 1173 iocur
915 1114 948 1173 et
970 1114 1062 1177 teres
1084 1115 1116 1177 el

153 1203 279 1285 misces,
303 1203 387 1269 sieut
408 1199 508 1281 pulpa
532 1204 661 1262 omento
684 1197 730 1262 ita
753 1202 785 1264 et
801 1196 929 1279 singula
943 1197 1114 1263 involvun-

152 1299 203 1359 tur
226 1292 306 1359 solie
327 1288 417 1356 lauri.
443 1285 541 1352 etad
563 1285 682 1350 fumum
706 1284 944 1370 suspenduntur
958 1286 1115 1367 quamdiu

152 1381 252 1448 voles.
278 1400 350 1447 cum
374 1374 569 1442 manducare
592 1373 742 1456 volueris,
773 1373 867 1439 tolles
897 1371 939 1438 de
967 1373 1116 1448 fumosi

151 1467 256 1534 denuo
280 1485 381 1533 assas.

219 1557 272 1623 41.
309 1557 357 1621 st
380 1552 547 1619 sicium:
583 1549 706 1616 adicies
736 1550 768 1614 in
799 1549 983 1616 mortarium
1006 1551 1113 1637 piper,

150 1732 308 1785 noolv'rovv
327 1731 355 1787 in
374 1730 475 1787 Zenob.
488 1745 567 1800 prov.
579 1729 605 1791 3,
660 1729 743 1785 cles.
779 1725 931 1784 Adicies
955 1729 990 1783 in
1009 1736 1113 1787 mort.

153 1802 197 1863 24
219 1833 249 1841 -
271 1803 366 1858 malim
385 1808 421 1858 et
436 1807 552 1857 cumut
561 1801 604 1856 39.
659 1804 725 1857 cet.
744 1804 776 1854 ut
785 1800 828 1854 43.
848 1799 1029 1864 ‚aubassabis
1048 1817 1112 1859 cum

150 1904 183 1913 -
206 1871 374 1942 frigatur
392 1873 419 1927 in
458 1873 570 1927 lurimis.
659 1875 812 1942 garoeue·⁸‚
831 1877 860 1925 et
874 1886 993 1934 „assas
1007 1888 1112 1930 exau·

206 1944 243 1998 ad
263 1945 305 1999 39.
348 1889 488 1999 iacillis
523 1943 604 1998 codd.
660 1949 725 1998 eu“.
762 1940 981 2007 Adiclesoet.
1003 1949 1034 1998 et
1050 1959 1112 2008 „aa-

154 2014 279 2071 soillis
296 2015 339 2069 ed.
350 2030 390 2082 pr.
402 2014 503 2083 squilla
525 2014 606 2070 scilla
659 2031 712 2070 aas.
745 2013 782 2067 Et
797 2013 909 2067 aicium:
927 2013 1061 2080 adicies‘,
1079 2022 1113 2071 ut

149 2087 251 2214 au
270 2086 605 2212 luscus-ssu
658 2083 1112 2227 sursulusrecursu

154 2230 291 2299 pulpae
316 2228 359 2284 ed.
379 2244 420 2297 pr.
442 2243 503 2283 cum
523 2227 603 2283 codd.
659 2227 1111 2296 cendaessentquaesupradoeua

204 2300 242 2355 ad
260 2300 305 2355 40.
336 2300 447 2362 iocur,
466 2299 605 2362 iocineris,
658 2304 730 2360 suut,
762 2311 823 2352 eam
848 2313 906 2351 rem
931 2304 1042 2354 coctam
1079 2304 1110 2356 et

169 2370 425 2438 roiecurubique
435 2371 533 2439 scripsi
544 2386 605 2424 cum
658 2369 729 2425 isicii
753 2384 830 2423 more
850 2369 990 2422 concisam
1016 2386 1111 2426 omen·

148 2388 272 2509 iurgio,
290 2440 401 2495 Halmio
423 2441 529 2495 emend.
549 2440 604 2495 Va·
658 2441 772 2495 tandem
796 2439 813 2492 i.
840 2455 863 2494 e.
889 2444 1003 2495 omento
1034 2442 1109 2499 incu-

149 2512 199 2566 ler.
229 2527 256 2578 p.
284 2511 309 2564 4.
339 2511 375 2563 al.
406 2539 436 2547 -
468 2527 502 2564 ex
521 2511 604 2566 cedd
659 2511 782 2567 tieudam
803 2525 864 2565 esse
883 2510 1048 2580 isiciumque
1069 2512 1110 2568 ita

150 2585 339 2636 omenlata
375 2579 429 2635 feci
459 2587 604 2638 omento
658 2589 753 2637 uatum
791 2579 866 2636 fumo
897 2581 1052 2637 durandum
1080 2588 1110 2640 et

151 2650 213 2706 ita.
234 2649 268 2706 cf.
287 2650 330 2705 la.
351 2651 412 2704 264.
425 2652 484 2706 292.
505 2683 536 2691 --
557 2652 603 2706 in·
659 2669 720 2709 cum
740 2652 837 2707 lubeat
855 2652 1014 2706 assandum.
1048 2653 1108 2719 Quo

148 2721 604 2781 volvanturlninvolutau-
659 2725 727 2779 dato
746 2723 782 2778 ab
795 2723 885 2778 altero
906 2723 1046 2786 „adiciea‘·
1065 2726 1108 2780 ius

149 2797 207 2848 tur
226 2790 284 2845 δθκ.
304 2793 347 2848 cd.
367 2808 408 2860 pr.
428 2792 461 2846 H.
484 2823 514 2830 -
545 2794 604 2850 dc·
658 2795 776 2849 docetur
794 2794 870 2863 quod
888 2794 915 2847 in
931 2793 1052 2850 boletari
1064 2811 1108 2861 su,-

150 2862 281 2920 fumum
307 2869 332 2928 β.
356 2864 374 2918 i.
394 2879 417 2919 e.
438 2862 604 2929 delumeum
657 2881 707 2934 per
725 2872 850 2919 assatum
868 2865 975 2919 isicium
994 2873 1107 2924 omento

149 2933 292 2992 fumidum.
311 2936 413 3005 placet.
429 2965 462 2975 -
477 2935 604 2991 sicium
657 2936 792 2991 inclusum
805 2942 943 3004 aureaque
953 2936 991 2990 ad
1003 2936 1108 2994 fumum

148 3011 174 3070 β.
195 3008 272 3076 quod
298 3012 373 3063 esset
399 3007 542 3071 „isicium‘
569 3005 603 3060 cf.
658 3022 821 3076 suspensum
842 3004 982 3071 fundatur,
1001 3015 1033 3063 ut
1045 3009 1107 3065 383.

150 3078 211 3131 175.
230 3078 291 3132 391.
311 3077 373 3132 406.
395 3079 453 3130 166.
480 3093 603 3132 sucum
656 3077 796 3146 porcellus
816 3077 962 3131 conditura
984 3078 1013 3132 in
1030 3078 1108 3136 bole-

72 3199 75 3204 .
148 3145 187 3214 yd.
217 3162 360 3202 succum
390 3148 443 3206 ζθκ.
470 3148 603 3202 siccum
657 3149 711 3202 tari
730 3146 915 3217 perfunditur.

149 3236 176 3267 π.
203 3217 248 3274 ed.
273 3233 314 3286 pr.
341 3217 421 3272 Hum.
449 3219 496 3286 qui
514 3218 605 3273 edidit
710 3219 747 3273 ad
765 3218 808 3272 41.
828 3219 972 3273 astulas
991 3240 1033 3286 γφ.
1053 3234 1107 3290 pa·

148 3293 184 3343 et
212 3289 347 3343 siccum
383 3288 542 3343 adiicies
570 3289 603 3341 in
651 3290 776 3371 ptulas
796 3308 822 3341 π.
849 3290 991 3344 assulas
1009 3295 1035 3354 β.
1062 3291 1106 3347 ed.

147 3359 359 3415 mortarium
405 3359 525 3426 piper,
572 3363 604 3413 ut
656 3376 696 3428 pr.
716 3360 750 3416 H.
770 3358 804 3414 ci.
823 3360 1106 3417 Vossdevitserm.

148 3430 270 3492 ..siceum
298 3429 477 3484 mortarium‘
514 3428 601 3485 habea
656 3431 706 3486 lat.
725 3448 750 3500 p·
762 3431 822 3486 360.
843 3431 924 3500 Sillig
934 3432 971 3486 ad
980 3431 1051 3486 Plin.
1064 3433 1108 3496 16,

148 3499 209 3554 388.
229 3502 291 3571 quis
307 3499 489 3556 nondeliretl
508 3501 601 3556 inveni
655 3502 697 3556 54.
723 3503 766 3557 57.
792 3530 826 3540 -
850 3501 1011 3559 habeant
1035 3519 1104 3558 corr.

149 3572 180 3625 et
202 3585 304 3630 assas
328 3580 362 3628 et
382 3588 503 3630 sucum
522 3572 600 3627 adi·
653 3589 706 3644 pro
732 3572 873 3629 habeas
900 3603 933 3615 -—
959 3580 996 3628 ut
1021 3590 1056 3630 ex
1079 3579 1106 3639 p.
