2498 4178
144 430 187 494 62
462 430 523 485 Lib.
544 430 593 484 111.
632 430 765 500 Oepuros.

143 587 278 652 elixatos
299 589 468 673 exprimes.
493 588 611 654 deinde
635 595 719 654 teres
743 589 892 654 ciminum
918 590 1100 672 plurimum,

143 682 256 757 rutam,
279 677 382 740 minus
404 677 490 741 lasar
513 678 669 762 particum
692 677 744 742 vel
763 684 901 759 acetum,
927 679 1101 762 liquamen,

143 763 311 830 defrictum
343 775 374 829 et
404 766 509 830 oleum
540 764 677 830 modice.
709 765 834 831 fervere
863 765 972 832 facies
1005 775 1040 833 et
1060 767 1102 831 in-

142 852 237 918 feres.

210 941 262 1005 95.
280 940 395 1004 Aliter:
409 961 507 1024 rapas
522 942 590 1005 sive
606 961 709 1025 napos
723 942 826 1006 elixas
840 941 977 1024 inferes,
998 943 1102 1008 oleum

146 1028 384 1108 subinstillabis,
408 1029 434 1093 si
457 1030 556 1111 voles,
581 1036 707 1094 acetum
731 1029 826 1094 adde.

211 1118 263 1183 96.
288 1117 487 1180 Rafancs:
512 1117 641 1182 rafanos
665 1137 736 1182 eum
758 1118 917 1201 piperato,
942 1118 991 1182 ita
1007 1123 1045 1182 ut
1059 1117 1102 1201 pi·

143 1224 203 1288 per
225 1226 297 1271 cum
319 1205 490 1285 liquamine
513 1210 608 1270 teras.

210 1297 262 1359 97.
289 1292 417 1357 Holus
439 1295 573 1358 molle.
606 1292 698 1357 holus
729 1292 824 1357 molle
856 1312 898 1357 ex
926 1291 1101 1357 holisatm:

145 1389 269 1446 coetum
293 1400 334 1444 ex
357 1401 441 1461 aqua
464 1382 579 1444 nitrata
603 1400 791 1463 expressum
821 1379 978 1445 concides
1001 1382 1101 1445 minu-

144 1469 210 1532 tim.
240 1475 324 1533 teres
347 1471 450 1552 piper,
481 1469 661 1550 ligisticum,
686 1468 858 1533 satureiam
882 1469 1006 1533 siccam
1031 1489 1102 1534 eum

145 1576 228 1640 cepa
251 1557 347 1637 sicca,
371 1558 543 1640 liquamen,
568 1558 673 1621 oleum
697 1562 729 1622 et
750 1557 868 1620 vinum.

212 1647 264 1711 98.
289 1645 388 1711 Aliter
411 1645 503 1710 holus
526 1645 639 1710 molle:
672 1646 781 1729 apium
805 1663 926 1725 coques
949 1663 994 1708 ex
1017 1664 1103 1726 aqua

145 1733 271 1816 nitrata,
296 1735 456 1817 exprimes
480 1739 512 1798 et
535 1733 687 1798 concides
710 1733 862 1797 minutim.
890 1732 925 1795 in
948 1735 1102 1814 mqrtarirr

144 1825 229 1886 teres
259 1822 361 1905 piper,
392 1821 573 1902 ligisticum,
608 1822 787 1902 origanum,
823 1840 948 1903 cepam,
981 1821 1102 1904 vinum,

145 1909 306 1991 liquamen
330 1917 361 1976 et
384 1910 498 1974 oleum.
524 1928 642 1990 coques
665 1910 699 1973 in
721 1911 858 1993 pultario
882 1909 976 1974 etsie
992 1911 1102 1997 apium

145 2018 333 2065 conmrsces,
638 2027 642 2036 ·

211 2089 264 2153 99.
287 2087 388 2152 Aliter
410 2086 502 2150 holus
525 2085 620 2150 melle
644 2105 686 2151 ex
705 2085 790 2151 feliis
809 2086 1008 2151 lactucarum
1029 2107 1101 2153 eum

144 2177 270 2259 scapis:
303 2196 422 2258 coques
446 2194 487 2240 ex
510 2193 595 2253 aqua
617 2173 743 2253 nitrata,
768 2193 922 2256 expressa
946 2175 1101 2241 aeneides

145 2265 296 2330 minutim.
317 2265 351 2330 in
366 2263 516 2329 mortario
536 2267 622 2327 teres
641 2262 744 2344 piper,
768 2262 951 2343 ligistienm,
975 2263 1032 2346 api
1051 2283 1116 2329 se-

144 2374 228 2456 men,
263 2359 402 2418 mentam
436 2352 564 2432 siccam,
600 2370 729 2434 cepam,
765 2351 944 2433 liquamen,
981 2352 1099 2434 eleum,

144 2461 263 2505 rmum.

145 2577 416 2719 {intellilitlll
433 2578 596 2718 1311932
648 2579 1100 2705 ΐέἓεῗέἳῗέᾝῗιῐεὶωὲῗῑὲῗὲἶ

145 2719 236 2774 aerius
262 2714 342 2776 fieret
372 2726 481 2775 acetum
498 2719 595 2774 laseris
649 2719 764 2776 densere
791 2737 842 2789 pro
872 2722 990 2776 densare
1018 2720 1099 2777 int

145 2806 228 2846 sucus
246 2791 461 2853 admiscebatur,
484 2792 519 2848 de
539 2807 594 2859 quc
649 2792 690 2845 68.
711 2789 745 2844 cf.
757 2792 876 2859 interpp.
887 2791 1023 2847 adTacit.
1036 2807 1097 2847 ann.

145 2868 227 2919 aceto
247 2862 421 2933 laserpitiato
447 2862 475 2917 in
501 2862 593 2917 Gloss.
649 2862 763 2925 2‚14‚2.
782 2862 858 2916 Bach
877 2862 914 2916 ad
933 2862 1014 2917 Ovid.
1033 2866 1098 2918 mat

146 2933 263 2992 dicetur.
282 2937 355 2991 laser
372 2941 402 2990 et
417 2940 526 2989 acetum
536 2933 594 2986 iun·
650 2932 759 2995 13‚605.
766 2932 907 2987 Kaereher
916 2933 1008 3002 Etym.
1017 2932 1098 2989 beitr.

145 3005 221 3074 gitur
239 3008 300 3061 393.
326 3006 400 3062 forte
425 3004 594 3073 iungendum
650 3005 672 3056 1.
692 3019 719 3072 p.
738 3003 781 3056 40.

145 3074 452 3214 ἕὲοᾱὲξέΐθὲνοθῐὲρίθξ
462 3073 595 3213 &effi
648 3074 740 3200 eluasl
757 3073 1099 3213 arinpnourpusmcpyapp

147 3218 207 3271 153.
236 3248 269 3258 -
295 3215 367 3272 forts
386 3215 531 3278 inferes,
554 3213 595 3267 iu·
648 3220 808 3270 natatum
828 3235 855 3271 π.

146 3286 243 3353 ferres,
262 3287 334 3342 farre
353 3288 461 3357 obliges
480 3287 522 3343 42.
701 3286 739 3339 ad
766 3286 809 3341 99.
863 3302 935 3341 cnm
972 3284 1099 3355 scapis

199 3359 421 3415 1196111·-
441 3363 538 3413 teras
564 3361 596 3411 ut
648 3357 746 3424 scripsi
766 3373 817 3425 pro
837 3357 1054 3424 cumeaepia
1070 3355 1098 3410 id

146 3430 207 3483 314.
233 3437 324 3486 teneas
349 3436 395 3494 βπ.
424 3435 455 3484 ut
481 3443 596 3496 carpeas
650 3433 694 3483 est
713 3429 838 3482 caulibus
859 3429 917 3483 100.
938 3427 1044 3482 Colum.
1057 3427 1098 3490 12,

148 3500 208 3556 151.
236 3507 380 3571 tergeatur
413 3506 443 3556 et
470 3507 597 3570 tergatur
649 3500 720 3562 9,1.
744 3497 847 3569 thyrsis
872 3498 942 3552 Plin.
970 3499 1012 3562 19,
1040 3498 1098 3552 129.

146 3586 191 3641 ap.
217 3572 288 3630 Cels.
314 3575 339 3641 l,
364 3574 388 3640 1.
414 3573 454 3629 sie
484 3574 596 3628 manere
650 3566 1099 3636 Cael.Aur.ehr0n.3,2.struuk·
