2498 4178
532 447 683 509 Praefatio.
1063 449 1081 517 7

131 611 221 679 diues
244 631 318 679 mss.
336 618 410 678 sunt
428 611 556 694 quidem
581 611 602 677 ii
625 631 757 677 numero
782 607 954 677 admodum
977 609 1084 694 pauci,

130 719 190 786 sed
219 719 368 801 quoniam
396 718 451 784 aiii
483 738 554 785 eum
584 718 656 784 aliis
680 723 744 785 tam
767 716 800 782 in
823 717 928 782 multis
952 715 1084 783 truncis·
1137 719 1140 724 ’

131 846 192 908 que
215 825 360 911 partibus
384 845 479 909 quam
501 825 533 891 in
557 824 753 910 prodigiosis
785 823 900 890 errotis
927 829 1084 907 perpetuo

130 932 198 1001 fere
221 938 335 1000 tenore
358 932 548 1000 exhibendis
571 931 709 997 mirifice·
728 930 940 1011 consentiunt,
964 928 1019 995 alii
1042 929 1084 997 ab

131 1039 179 1105 bis
201 1040 235 1105 in
258 1045 391 1121 utraque
414 1059 450 1106 re
472 1039 632 1105 interdum
655 1037 732 1105 haut
753 1056 867 1122 parum
888 1036 1084 1120 discrepant,

131 1165 187 1213 ees
217 1165 323 1229 neque
355 1166 396 1212 en
426 1166 489 1213 uuo
520 1165 624 1229 neque
656 1165 698 1213 ex
719 1143 824 1211 -valde
848 1145 953 1212 multis
978 1164 1084 1212 exem·

130 1252 275 1337 pleribus
290 1252 472 1338 descriptos
488 1251 587 1319 fuisse
601 1251 798 1319 censendum
815 1257 872 1318 est.
889 1255 963 1319 sum
979 1249 1085 1332 etiam,
1171 1287 1174 1293 ·

131 1358 172 1426 ds
195 1360 340 1444 pluribus
362 1360 407 1426 ita
431 1372 504 1427 esse
527 1366 618 1444 puto,
647 1377 745 1425 mauu
767 1357 941 1425 admodum
963 1357 1085 1426 recenti

131 1466 252 1551 scripti,
276 1466 416 1550 ideoque
440 1487 497 1535 eos
520 1472 630 1552 utpote
654 1468 695 1531 ab
719 1464 857 1532 indoctis
876 1464 1013 1533 librariis
1030 1485 1084 1532 ex·

130 1580 238 1641 aratos
261 1573 346 1642 vitiis
369 1580 495 1642 scatere
518 1573 647 1640 minime
670 1572 782 1641 mirum
803 1579 861 1654 est,
886 1573 1001 1655 quibus
1016 1571 1084 1656 qui·

130 1679 205 1747 dem
236 1680 401 1748 eodieibus
429 1681 553 1748 etiamsi
583 1680 680 1764 pauiu
715 1678 932 1762 frequentiora
967 1677 1086 1746 menda

129 1785 344 1871 irrepsissent,
380 1787 626 1854 condonandum
662 1792 749 1854 esset
781 1786 970 1867 bominibus
1012 1806 1083 1853 euru

130 1893 250 1961 ibidem
273 1893 315 1961 de
339 1900 409 1961 arte
422 1900 619 1961 tractaretur
639 1894 701 1960 sibi
719 1894 903 1975 neutiquam
922 1892 1084 1961 intellecta

131 2005 164 2065 et
185 2000 217 2066 in
235 2021 303 2083 -qua
315 2020 421 2068 ¹voees
440 2019 542 2084 saepe
558 2006 763 2068 occurrerent
778 2004 869 2066 extra
884 2018 1084 2067 communem

131 2125 222 2171 usum
246 2108 382 2191 positae,
407 2109 574 2190 obseurae,
597 2108 659 2176 uisi
683 2106 816 2175 modieis
840 2113 873 2173 et
889 2107 999 2188 coquis
1015 2105 1083 2173 fere

130 2213 305 2280 inauditae.
338 2215 443 2282 labem
472 2214 660 2283 immensam
690 2234 785 2297 quam
815 2213 998 2297 exemplum
1020 2211 1083 2298 pri·

131 2321 274 2386 unitivum
297 2341 428 2406 passum
451 2328 501 2394 est
528 2322 714 2407 superstites
737 2320 809 2387 libri
831 2319 942 2404 senipti
964 2339 1083 2403 nequa·
1136 2351 1141 2361 ,

132 2446 228 2509 quam
251 2428 364 2496 tollere
387 2429 504 2497 valent.
533 2434 698 2496 truncatae
721 2446 819 2495 voees
843 2431 1006 2495 extremae
1029 2447 1083 2493 au·

130 2534 245 2619 eipites
275 2536 431 2605 lectiones
458 2535 641 2620 relinquunt
667 2537 759 2619 isque
793 2554 964 2621 perversus
999 2554 1083 2601 eom·

130 2641 323 2725 peudiornm
349 2662 440 2709 amor
466 2644 583 2711 multas
613 2645 723 2712 turbas
755 2643 854 2725 dedit,
885 2642 944 2711 sed
974 2642 1084 2729 plnres

130 2748 290 2817 dederunt
318 2749 526 2833 periodorum
556 2751 749 2834 fragmenta,
781 2751 930 2817 eoneisae
966 2756 999 2817 et
1028 2751 1083 2816 ab·

132 2862 248 2940 ruptae
280 2858 479 2941 periodi‚.ut
509 2858 640 2942 saepius
668 2858 722 2923 vix
752 2858 821 2924 erui
851 2858 954 2943 possit
976 2876 1083 2940 quem·

129 2963 302 3030 admodum
333 2966 434 3031 verba
467 2971 697 3032 eonstrusntur.
734 2965 942 3030 divinandum
975 2964 1083 3046 itaque

130 3075 163 3136 et
191 3076 266 3154 post
293 3072 409 3137 malam
441 3077 585 3155 segetem
615 3069 798 3137 serendum.
837 3090 1009 3138 recurrere.
1034 3075 1084 3138 est

129 3176 228 3242 satius
260 3198 356 3259 quam
387 3178 470 3244 male
501 3198 639 3244 ourrere.
672 3177 847 3263 discipulus
884 3183 933 3244 est
968 3177 1083 3261 prioris

129 3283 288 3368 posterior
311 3283 390 3349 dies.
416 3304 516 3369 saepe
535 3284 618 3351 ultra
634 3290 728 3369 septa
751 3283 991 3351 transiliendum
1015 3290 1096 3371 erat

129 3389 327 3475 pedetentim
351 3389 524 3455 ineedenti.
547 3391 645 3457 illotis
668 3391 806 3474 pedibus
830 3412 902 3458 non
917 3392 1083 3473 ingressus

24 3576 28 3585 Δ
129 3516 199 3564 sum
227 3497 262 3563 in
291 3494 386 3564 istam
417 3503 560 3563 veterum
592 3499 729 3563 eulinam
761 3507 792 3564 et
821 3498 912 3582 quasi
939 3498 971 3565 in
995 3496 1083 3565 dolio

128 3603 308 3688 figulariam
331 3604 440 3689 didici,
465 3624 536 3671 eum
557 3605 700 3674 Minerva
713 3626 842 3672 manum
856 3626 982 3690 quoque
998 3606 1083 3672 movi
