2498 4178
396 465 456 521 Lib.
469 464 517 522 lV.
553 464 719 520 Pandcetes.
988 463 1029 530 81

148 627 220 691 142.
256 625 407 691 Patina
437 625 674 690 mullorum:
705 625 776 689 1000
808 622 885 688 55151
915 622 1030 689 mullos

78 713 184 796 rades,
208 715 240 779 in
263 715 375 799 patina
396 713 514 779 munde
538 733 713 799 conpones‚
737 710 831 778 adice
853 712 902 776 ius
919 717 954 777 ut
968 711 1031 778 fcr-

78 808 162 869 veat.
187 822 258 869 cum
281 802 442 882 fervuerit,
466 801 600 867 mulsum
624 802 729 868 mittes
749 805 804 866 aut
819 819 959 883 passum.
983 799 1031 885 pi·
1084 805 1086 810 ’

79 912 137 975 per
160 890 307 974 aspargis
332 896 364 956 et
385 889 513 956 inferes.
660 952 664 959 .

148 980 218 1044 143.
245 979 397 1044 Patina
418 979 613 1063 piscium:
637 978 708 1043 1000
732 976 810 1042 salsi
829 977 937 1059 pisces
955 996 1032 1059 qua-

78 1067 206 1134 leslibet
229 1072 356 1133 curatos
379 1067 489 1149 friges,
520 1067 554 1131 in
576 1067 687 1150 patina
708 1085 885 1148 ccnpcnes,
910 1064 1033 1131 adicies

79 1156 142 1222 clei
165 1155 251 1238 quod
280 1155 358 1220 satis
383 1161 431 1220 est
454 1161 486 1220 et
508 1156 627 1220 salsum
649 1156 844 1237 interponas.
875 1154 976 1219 facies
999 1159 1034 1218 ut

78 1244 213 1310 ferveat.
228 1264 300 1309 cum
314 1243 475 1324 fcrvuerit,
499 1244 604 1309 mittes
620 1243 756 1308 mulsam
772 1247 804 1307 et
819 1241 867 1307 ius
883 1242 1031 1324 agitabis.

150 1334 220 1398 144.
252 1331 398 1396 Patina
421 1332 616 1415 piscium:
640 1332 748 1415 pisces
772 1330 962 1412 qualeslibet
983 1350 1031 1396 ra-

80 1421 138 1486 des
169 1427 202 1486 et
224 1420 354 1487 duratos
384 1421 499 1486 mittes.
529 1439 628 1503 cepas
652 1420 755 1486 siccas
779 1419 959 1484 ascaloniae
982 1418 1034 1485 vel

79 1509 211 1576 alterius
234 1509 362 1592 generis
387 1509 537 1576 concides
560 1509 593 1573 in
616 1508 758 1592 patinam
789 1513 821 1573 et
851 1507 959 1591 pisces
982 1526 1033 1573 su·
1091 1539 1094 1545 ·

79 1618 139 1682 per
161 1617 336 1682 compones,
369 1598 490 1665 adicies
513 1599 685 1680 liquamen,
717 1596 831 1663 eleum.
866 1615 938 1662 eum
962 1616 1033 1663 ece-

79 1693 145 1752 tum
167 1686 273 1769 fucrit,
297 1687 416 1752 salsum
440 1693 565 1753 coctum
579 1686 620 1760 ,in
643 1683 749 1751 medic
768 1704 880 1767 penes.
907 1684 1034 1776 adden-

80 1775 156 1840 dum
179 1781 314 1842 acetum.
339 1795 495 1860 asperges
519 1781 551 1842 et
574 1794 726 1841 ceronam
749 1774 908 1840 bubulam.
969 1836 975 1849 ,

79 2001 190 2055 pones
211 1985 270 2039 144.
287 1985 344 2040 145.
361 2002 528 2040 —sucum
583 1983 653 2039 Plin.
665 1985 707 2047 19,
725 1984 784 2038 101.
800 1984 858 2039 104.
878 1985 1035 2051 15100517,

79 2056 211 2111 fundes
247 2072 298 2125 pro
333 2056 529 2111 suffundes
584 2056 679 2119 1013.
698 2055 822 2122 pisces
841 2071 1034 2124 superans-

79 2127 179 2195 scripsi
197 2126 419 2195 utintellegatur
436 2128 528 2182 viuum
557 2141 559 2144 ’
582 2124 697 2194 strophe
715 2141 766 2192 pro
785 2141 892 2193 super
909 2143 942 2194 p.
963 2132 994 2181 ut
1007 2126 1035 2181 in

80 2214 116 2253 ex
134 2197 248 2252 musteis
266 2197 312 2251 vel
328 2193 435 2252 exficc.
455 2196 528 2252 forte
582 2199 601 2256 ζ.
622 2227 655 2233 -
676 2211 792 2250 soron.
813 2196 985 2251 bubulam
1003 2200 1035 2251 ut

80 2284 194 2336 passum
210 2267 314 2323 excidit
326 2269 384 2321 142.
396 2269 455 2323 182.
467 2269 526 2322 265.
583 2267 642 2320 145.
661 2267 685 2320 51
704 2266 879 2330 verelamio,
899 2267 1035 2335 interpre-

81 2341 125 2392 62.
143 2339 300 2406 piperatum
315 2338 454 2394 cstmcdo
471 2339 527 2393 die·
581 2343 673 2392 tamur
697 2337 856 2391 cunilam
888 2353 910 2393 s.
936 2339 1036 2392 cuni·

81 2416 113 2464 ta
132 2409 231 2463 tritura
248 2425 317 2463 sucu
336 2409 451 2464 suffuso.
585 2409 652 2462 lam
671 2407 754 2461 Plinii
774 2409 816 2471 19,
837 2408 894 2462 165.
919 2408 960 2463 510
979 2408 1037 2464 (110-

135 2479 173 2533 ad
194 2480 252 2533 142.
273 2480 395 2534 munde
415 2480 532 2547 diligen·
586 2485 644 2532 tam
662 2495 712 2546 per
731 2479 908 2533 eminentiam
926 2484 958 2533 ut
973 2495 1037 2535 eon-

82 2556 125 2605 ter
136 2551 196 2606 162.
207 2550 266 2604 210.
287 2566 356 2604 corr.
376 2566 427 2618 prc
440 2567 530 2605 mun·
586 2550 739 2604 dimentum
764 2549 897 2617 palmare,
924 2551 968 2605 eui
992 2566 1037 2606 00-

82 2620 130 2674 da.
151 2650 184 2660 -
203 2620 435 2677 adiciesuti.
451 2621 532 2676 codd.
587 2635 656 2675 rona
689 2621 838 2689 palmaque
871 2621 966 2685 danda
1001 2621 1038 2676 ob

82 2691 262 2760 liquamen
273 2691 366 2746 desub
376 2693 441 2747 add.
452 2693 532 2746 Hum.
586 2691 752 2758 praecipuas
762 2691 890 2754 virtutes,
906 2691 980 2747 unde
989 2707 1038 2760 pa-

82 2761 220 2886 qffiam
245 2763 381 2818 excidisse
407 2762 534 2817 videntur
587 2777 676 2885 115οξ5
687 2777 739 2885 ἕρ.
757 2762 1037 2887 Ρ110.20,ἴ1168.1ῐ69.

82 2847 117 2886 0.
193 2873 199 2885 .
585 2847 1078 2901 qurusamescuenrsaprs·-

136 2902 174 2956 ad
199 2902 256 2957 143.
294 2903 441 2958 mulsam
469 2902 528 2957 scil.
584 2904 683 2956 simum
693 2903 909 2966 condimentum,
921 2903 979 2957 001.
997 2906 1039 2965 11,

82 2971 530 3042 aquam‚v‘dq‹ipeb‚exccdd.prc
584 2975 611 3036 3,
636 2974 678 3026 39.
708 2973 756 3040 qui
784 2972 903 3026 cunilam
931 2972 1039 3027 aridam

83 3043 228 3098 mulsum
247 3044 307 3097 291.
371 3064 378 3070 r
585 3043 701 3098 adhibet
728 3045 771 3105 12,
797 3044 822 3104 8,
842 3045 866 3096 2.
894 3041 1040 3106 εἰοθὺμος

136 3114 174 3168 ad
194 3115 253 3170 114.
285 3116 432 3170 duratos
451 3114 530 3168 indu·
586 3119 617 3168 ut
636 3114 725 3168 honor
743 3113 903 3182 plantarum
929 3113 1039 3179 στεφάνη

83 3190 170 3247 ratos,
184 3185 347 3243 obduratos
362 3185 476 3254 paulum
486 3185 531 3239 vel
586 3184 662 3252 apud
680 3184 843 3254 Aegyptios
861 3190 981 3240 vocatur
999 3190 1039 3240 te-

83 3256 183 3311 leniter
215 3254 321 3319 frictus,
352 3262 443 3311 tostos
475 3257 532 3309 123.
587 3262 631 3310 ste
663 3255 791 3310 Diosecr.
815 3257 841 3320 3,
860 3256 905 3310 38.
936 3256 1040 3321 ,0550-

62 3343 140 3381 .ncn
177 3327 278 3382 crudos
308 3326 368 3382 147.
406 3332 534 3394 praestat
588 3327 661 3380 lam¹⁴
682 3343 758 3389 vero,
778 3327 855 3395 qued
874 3327 962 3382 boves
981 3341 1041 3381 505-

85 3395 158 3453 forte
196 3403 340 3453 curatos
379 3398 436 3452 143.
475 3398 534 3453 151.
588 3398 635 3454 bie
653 3398 772 3470 liberare
796 3405 976 3466 ventremque
995 3413 1042 3452 co-

85 3469 299 3523 ascalonias
323 3485 375 3536 prc
394 3468 534 3523 ascalo·
589 3485 650 3523 rum
669 3485 781 3524 movere
795 3469 969 3533 credebatur,
990 3469 1042 3524 00-

12 3539 16 3543 ’
85 3555 149 3594 nas
175 3540 302 3594 ecdicum
326 3540 392 3595 dedi
416 3556 450 3594 ex
477 3541 534 3593 176.
590 3538 654 3592 lum.
681 3541 706 3602 6,
728 3543 814 3603 13,1.
841 3542 865 3604 6,
891 3540 936 3604 30,
961 3541 986 3595 6.
1012 3545 1044 3595 ut

87 3610 194 3666 Colum.
214 3613 255 3674 11,
274 3613 301 3675 3,
318 3611 361 3665 51.
386 3611 535 3686 12,10,1.
591 3618 635 3666 051
661 3612 744 3665 etiam
769 3611 861 3666 conila
885 3610 1044 3679 gallinacea

115 3698 138 3741 0.
154 3700 245 3751 Apicius
261 3701 295 3740 sd.
312 3700 406 3742 Schucb.
848 3770 855 3776 ,
887 3717 903 3772 6
