2498 4178
555 464 710 525 Praefatio.
882 500 885 506 -
1088 466 1110 535 5

156 631 347 698 cantilenam
370 650 435 695 nun
458 629 580 696 audies
604 630 659 714 pel
682 629 785 694 Tuam
809 627 852 693 ad
868 628 997 696 laudem
1014 651 1110 714 quam

154 741 274 825 apertis
304 740 389 806 tibiis
421 740 549 805 celebre
573 776 617 786 -
648 738 802 804 musicam
833 738 929 805 docet
958 759 1048 805 amor
1079 746 1112 809 et

154 847 181 912 si
204 846 298 912 fucrit
320 846 467 913 indoctus
484 846 572 930 prius
591 883 628 894 -
648 844 759 909 addito
776 845 984 928 praefiscine!
1019 847 1110 916 Alter

155 955 253 1019 Ianus
285 974 330 1037 es,
371 955 451 1019 alter
482 953 746 1018 Rhadamanthus
775 951 959 1035 iustitiaque
988 954 1109 1037 iustior,

156 1062 237 1127 alter
259 1061 384 1145 Cydon,
409 1060 548 1142 antiquis
568 1059 719 1141 moribus,
744 1065 810 1124 tam
825 1059 1010 1143 inculpatae
1024 1061 1110 1130 vites

155 1188 250 1250 quam
267 1167 433 1234 doctrinae
448 1188 512 1232 nen
528 1166 673 1249 trivialis,
694 1167 860 1251 specimen
876 1168 1031 1233 bonarum
1046 1168 1110 1234 dis·

154 1275 352 1359 ciplinarum,
386 1273 446 1340 flos
480 1274 623 1340 illibatus
656 1273 867 1356 ingeniorum,
904 1273 1002 1339 attica
1034 1272 1109 1358 fide,

155 1381 271 1464 dignus
295 1382 422 1464 quicum
445 1381 477 1446 in
501 1381 642 1448 tenebris
660 1381 803 1463 micetur,
828 1400 939 1446 aurum
954 1381 1022 1464 igni
1036 1400 1109 1466 prc-

155 1489 273 1572 batum,
304 1509 369 1554 uon
401 1489 511 1572 lingua
546 1489 678 1571 amicus,
707 1507 772 1553 nen
802 1486 867 1553 fers
890 1488 992 1554 altera
1013 1508 1110 1556 manu

155 1614 284 1680 aquam,
309 1598 419 1680 iguem
450 1596 566 1678 altera,
597 1614 703 1678 neque
731 1593 797 1660 fers
828 1594 929 1661 altera
956 1594 1108 1680 lapidem,

154 1704 255 1769 altera
279 1709 424 1769 ostentas
448 1721 576 1786 panem,
601 1722 666 1767 nun
688 1702 915 1785 manticularis,
939 1723 1003 1768 non
1019 1701 1109 1770 dives

154 1829 188 1875 es
223 1810 398 1894 promissis,
435 1828 471 1874 es
504 1809 545 1874 iis
581 1809 674 1874 inest.
711 1828 752 1874 ex
774 1808 879 1875 fronte
902 1809 1107 1894 perspicuis,
1206 1884 1211 1899 ,

154 1917 235 1982 mira
257 1917 434 1984 lenitudine
449 1936 488 1983 ac
505 1915 663 1981 suavitate
679 1914 856 1996 abundans,
882 1917 986 2001 gratia
1001 1936 1107 2000 paene

155 2023 294 2104 quadam
317 2021 473 2105 quidquid
498 2022 557 2104 ais,
582 2021 738 2104 quidquid
754 2023 993 2104 loqueris,·:.imo
1011 2021 1107 2089 etiam

154 2130 180 2194 si
204 2130 281 2195 nihil
306 2131 354 2196 ais
377 2130 519 2211 nihilque
538 2129 688 2211 loqueris,
712 2128 866 2210 singulari
889 2149 928 2195 ac
943 2129 1031 2194 vultu
1051 2127 1105 2194 de·

152 2235 248 2318 nique
270 2237 342 2320 ipse
364 2236 510 2302 hemines
531 2236 684 2318 devincis,
708 2230 914 2301 iucunditatis
932 2234 1005 2319 plns
1023 2235 1107 2302 inest

151 2344 188 2409 in¹
207 2344 255 2409 'Pe
279 2343 355 2408 mihi
379 2364 475 2426 quam
507 2344 727 2409 commercatis
751 2343 928 2425 conquisito
948 2343 1104 2410 edulibus.

151 2450 177 2514 si
198 2452 300 2516 uerba
325 2455 535 2534 suppeterent
558 2451 676 2533 anime,
699 2450 833 2516 laudare
852 2469 912 2534 pre
931 2451 1043 2517 merito
1058 2451 1104 2516 in·

151 2557 290 2639 genium,
314 2557 423 2623 literas
446 2557 534 2622 Tuas
555 2576 699 2640 conarer,
723 2557 782 2623 sed
796 2576 912 2622 vereor
931 2576 972 2623 ne
991 2556 1105 2624 laudes

151 2683 251 2747 cogar
272 2670 388 2748 tantas,
413 2671 447 2728 ut
469 2666 607 2730 Flaccus
637 2665 724 2729 Tuus
752 2664 863 2746 inquit,
893 2665 988 2748 culpa
1015 2663 1104 2730 dete-

150 2791 223 2836 rere
239 2771 376 2853 ·ingenii.
409 2760 546 2837 'eruditio
576 2773 648 2836 Tua
674 2772 730 2837 illa
751 2771 883 2838 interior
905 2776 1002 2852 atque
1024 2770 1103 2855 poll-

148 2877 210 2942 tior
239 2899 260 2943 a
290 2878 418 2943 nemine
445 2897 511 2942 non
544 2879 640 2961 paulo
664 2877 851 2943 humaniore
874 2877 1053 2961 suspicitur,
1083 2897 1104 2942 a

149 3004 200 3049 me
227 2990 258 3050 et
281 2985 452 3069 suspicitur
469 2990 501 3050 ct
520 2990 652 3049 amatur.
676 2985 739 3050 hue
753 2986 786 3049 in
801 3003 959 3068 praesens
974 2983 1018 3064 fit,
1041 2982 1103 3049 huc

147 3089 235 3156 idem
259 3091 313 3157 fiet
335 3091 368 3155 in
392 3097 565 3174 posterum.
591 3110 660 3155 sum
683 3098 715 3156 et
738 3110 792 3156 cro
813 3090 953 3154 Tuarum
972 3088 1103 3154 laudum

148 3196 175 3261 si
199 3217 264 3260 non
279 3195 424 3279 idoneus,
449 3198 563 3266 saltem
577 3199 753 3264 benevolus
768 3197 963 3263 buccinator.
989 3195 1102 3261 meritc

147 3322 252 3368 meres
283 3307 317 3366 ut
350 3302 495 3386 diligare,
528 3304 635 3369 anima
657 3325 730 3370 mea
754 3310 786 3370 et
808 3303 889 3368 vita!
935 3303 984 3367 Te
1007 3321 1102 3383 ame

147 3409 248 3473 amari
272 3409 395 3492 crepitu
417 3411 579 3493 probabis.

215 3516 320 3580 Tanta
345 3522 394 3582 est
417 3516 478 3580 Tui
500 3515 532 3579 in
555 3535 607 3580 me
632 3517 727 3580 efficii
750 3516 948 3598 magnitude,
973 3521 1101 3581 etcum

147 3623 197 3688 Tu
221 3628 253 3688 et
275 3622 408 3688 consilio
433 3630 465 3689 et
486 3642 522 3690 re
545 3622 657 3694 iuvare
680 3641 732 3693 me
755 3640 923 3716 nunquam
939 3621 1100 3702 destiteris
