2498 4178
462 468 580 526 nuuv.
609 468 792 524 nauseas·
939 447 945 452 ’
1045 465 1097 538 ,93

147 635 152 639 ’
214 630 286 693 175.
318 629 490 698 Minutal
515 627 636 693 dulce
660 648 706 692 ex
729 628 881 693 citriis:
917 627 1039 692 adicies
1062 626 1094 689 in

144 720 320 784 caccabum
351 719 466 798 oleum,
498 717 669 799 liquamen,
702 723 832 782 coctura
854 735 984 799 porrum
1010 715 1096 800 capi-

142 812 253 886 tatum,
288 805 440 871 concides
475 804 676 870 coriandrum
708 805 895 884 minutatim,
939 804 1097 886 spatulam

142 894 310 978 porcinam
334 900 457 959 coctam
481 899 513 958 et
534 893 658 958 isiciola
680 892 808 958 minuta.
841 892 915 955 dnm
940 891 1093 973 coquitur,

142 989 230 1048 teres
253 981 356 1068 piper,
380 982 538 1060 ciminum,
563 979 765 1046 coriandrum
783 979 885 1045 viride
906 980 958 1045 vel
977 1000 1098 1061 semen,

143 1076 246 1135 rutam
274 1070 419 1150 viridem,
450 1069 563 1134 lasaris
586 1069 738 1149 radicem,
769 1068 934 1134 suffundas
962 1073 1098 1150 acetum,

144 1157 333 1238 defrictum,
354 1159 403 1223 ius
436 1157 477 1223 de
508 1177 565 1237 suo
597 1157 667 1237 sibi,
698 1163 813 1222 acoeto
845 1158 1040 1242 temperabis
1067 1162 1100 1221 et

142 1246 277 1313 ferveat.
311 1267 382 1311 cum
412 1244 575 1326 fervucrit,
605 1245 727 1311 citrium
750 1250 920 1331 purgatum
942 1244 1024 1309 intro
1051 1244 1098 1310 fo-

143 1355 207 1415 ras,
231 1335 418 1401 tessellatim
442 1335 605 1400 concisum
629 1340 661 1399 et
684 1334 835 1399 elixatum
867 1334 899 1396 in
924 1334 1099 1398 caccabum

143 1424 260 1500 mittes.
284 1430 419 1488 tractam
443 1422 625 1504 confringes
654 1428 686 1489 et
715 1443 755 1488 ex
780 1442 819 1489 aa
847 1422 981 1504 obligas.
1006 1421 1100 1508 piper

143 1511 293 1598 aspargis
317 1517 350 1576 st
370 1510 498 1577 inferes.

215 1601 287 1667 176.
319 1600 497 1665 Minutal
521 1620 568 1665 ex
592 1597 883 1685 praecoquiis:
919 1597 1042 1664 adicies
1064 1597 1098 1662 in

144 1691 319 1754 caccabum
350 1690 465 1770 oleum,
495 1688 666 1770 bquamen,
705 1689 822 1768 vinum,
862 1686 1013 1753 concides
1048 1706 1099 1752 ce·

144 1796 222 1861 pam
252 1776 449 1842 ascaloniam
479 1777 612 1857 aridam,
643 1777 802 1859 spatulam
832 1775 998 1859 porcinam
1028 1795 1100 1841 coc-

143 1870 211 1930 tam
233 1866 420 1931 tessellatim
452 1864 613 1934 concides.
646 1865 695 1930 his
719 1865 864 1930 omnibus
889 1864 992 1930 coctis
1016 1869 1101 1930 teres

143 1953 248 2040 piper,
273 1954 432 2035 ciminum,
455 1960 595 2018 mentam
618 1953 748 2035 siccam,
773 1959 911 2034 anetum,
942 1951 1100 2018 suffundis

144 2042 219 2122 mol,
242 2042 412 2124 liquamen,
437 2062 578 2126 passum,
602 2049 729 2107 acetum
747 2040 886 2122 modice,
913 2041 963 2106 ius
983 2041 1025 2105 de
1041 2060 1098 2106 suo

144 2130 217 2208 sibi,
247 2130 451 2214 temperabis.
483 2131 680 2215 praecoquia
707 2130 875 2195 enucleata
903 2130 1016 2194 mittes.
1052 2129 1098 2194 fa-

93 2256 97 2263 ·
145 2219 212 2284 cies
235 2225 269 2283 ut
290 2217 449 2284 inferveat
471 2220 576 2284 donec
596 2224 841 2301 peraequantur.
867 2222 1004 2282 tractam
1025 2237 1100 2281 con·

135 2305 267 2390 ,fringes
291 2313 324 2372 et
346 2327 387 2372 ex
411 2327 451 2373 ea
473 2307 607 2389 obligas.
632 2307 725 2390 piper
746 2305 893 2389 aspargis
914 2310 945 2370 et
967 2304 1099 2372 inferes.

145 2496 281 2536 manzara
299 2487 329 2536 et
346 2497 450 2536 manaa.
466 2513 496 2519 —
513 2497 594 2536 acoe—
649 2497 709 2536 ccx.
735 2481 776 2535 sic
794 2480 931 2536 aulicooia
949 2486 978 2537 et
997 2482 1101 2536 aulico-

145 2558 176 2608 to
196 2553 238 2606 69.
286 2603 288 2606 ,
668 2567 704 2607 ua
723 2567 767 2620 ap.
787 2552 884 2619 Facu).
917 2553 982 2607 inde
1002 2552 1103 2608 Graeci

199 2623 236 2676 ad
257 2622 315 2676 175.
353 2622 457 2677 dulce
483 2628 594 2691 gratum
648 2569 775 2677 lecerunt
799 2623 934 2690 πραικόκια
960 2623 1054 2678 Diosc.
1077 2627 1103 2687 1,

145 2699 175 2750 et
202 2693 299 2762 palato
325 2699 479 2760 acceptum,
508 2709 593 2747 suave
649 2695 709 2748 165,
731 2694 828 2750 Galen.
850 2692 903 2748 fac.
924 2695 1000 2748 alim.
1016 2696 1042 2757 2,
1059 2697 1103 2749 26.

144 2770 239 2834 gustu.
253 2794 283 2800 -
297 2764 414 2817 citriis
432 2764 537 2818 citriuis
548 2779 593 2818 cu·
649 2765 681 2818 T.
690 2766 713 2818 6.
728 2782 755 2833 p.
765 2766 827 2820 765.
842 2765 978 2833 pecudum
988 2770 1017 2819 ct
1031 2770 1101 2834 βερί.

145 2835 302 2889 cumeribus
334 2833 375 2887 75.
412 2865 440 2872 -
477 2834 594 2889 viride
648 2856 725 2885 κοκκα
735 2835 860 2889 medicus
871 2851 915 2903 ap.
926 2836 1018 2889 Ideler
1028 2836 1063 2889 ΙΙ.
1074 2852 1104 2904 p.

144 2906 210 2960 aud.
231 2921 266 2960 ex
287 2905 345 2958 173.
366 2904 425 2959 174.
648 2907 709 2968 262,
722 2908 764 2959 29.
778 2907 839 2968 267,
853 2907 877 2959 5.
899 2904 934 2960 cf.
948 2906 1102 2972 Geoponic.

199 2976 236 3030 ad
257 2976 315 3029 176.
335 2975 594 3044 praecoquesin
649 2977 691 3037 10,
713 2977 755 3030 73.
771 2977 795 3027 2.
824 2975 888 3029 Itali
906 2975 1052 3030 arbicocco
1074 2982 1104 3031 et

145 3061 195 3102 sex
219 3045 303 3102 codd.
331 3046 506 3116 praecoquiis
535 3045 593 3099 184.
647 3044 783 3114 precoche
803 3045 895 3112 (vilior
912 3047 1018 3114 species
1037 3047 1103 3100 mali

145 3117 276 3172 dicuntur
300 3132 335 3171 oa
362 3117 436 3171 mala
464 3117 509 3171 vel
534 3118 595 3184 pira
648 3117 767 3184 persici),
787 3117 906 3171 Romani
921 3132 981 3171 curn
1001 3120 1103 3173 articu-

145 3203 306 3257 praecoqua
332 3188 450 3242 Martiali
479 3189 521 3250 13,
549 3186 592 3240 46.
648 3189 677 3241 lo
697 3188 810 3242 arabico
833 3188 1007 3251 alberonem,
1026 3188 1103 3243 alba-

145 3261 302 3328 praecocia,
335 3274 472 3326 praecoca
501 3256 594 3311 Edict.
648 3260 768 3328 ricoque,
783 3259 944 3328 albricoque
965 3259 1039 3314 Galli
1057 3259 1104 3314 de·

145 3330 236 3384 Diocl.
262 3330 288 3391 6,
313 3330 354 3382 58.
381 3345 399 3383 a
422 3328 594 3384 nominativo
648 3331 731 3397 nique
750 3330 866 3385 abricot.
897 3329 932 3385 cf.
953 3331 1022 3385 Diez
1049 3331 1101 3384 lex.

145 3416 278 3468 praecox,
293 3403 457 3469 praecoquis
475 3407 503 3455 et
516 3415 595 3467 prae·
653 3400 679 3454 d.
700 3418 768 3455 rom.
789 3418 842 3470 spr.
863 3416 889 3468 p.
902 3403 928 3456 9.
949 3400 1103 3456 Schwcnck

147 3487 255 3541 coquus
283 3470 367 3537 (Hild.
396 3471 432 3525 ad
460 3470 546 3538 Apul.
568 3471 596 3524 ll
652 3471 810 3527 Woerterb.
839 3472 865 3526 d.
895 3471 1019 3526 deutsch.
1046 3488 1102 3541 spr.

145 3557 173 3611 p.
194 3543 253 3597 606,
276 3542 336 3596 667.
355 3543 404 3596 Ian
421 3542 458 3596 ad
473 3542 594 3596 Macrob.
651 3558 678 3610 p.
698 3545 740 3596 22.
768 3549 947 3612 opponuntur
965 3542 1035 3598 seris
1054 3559 1104 3600 seu

147 3614 296 3679 sat.3,19‚
316 3615 332 3667 2
350 3613 469 3670 Forcell.
480 3614 595 3686 inprae·
649 3613 837 3676 66666616-
857 3613 979 3669 mittes
997 3614 1025 3670 in
1039 3632 1103 3674 euu-
