2594 4178
576 440 730 502 mosaco.
901 424 976 540 .'
1085 432 1179 511 ne

133 627 140 634 ’
172 604 278 671 adhuc
300 603 369 685 fuit,
399 603 524 691 plenior
553 602 697 671 redditus
727 611 775 671 ost
798 610 830 670 et
852 603 957 669 multio
979 602 1060 669 locis
1082 603 1128 671 lu.-

172 711 299 778 nulente
314 710 452 793 adiutus,
477 731 669 796 quamquam
685 711 810 778 mendis
825 711 880 777 vix
893 711 1043 779 tollendis
1058 732 1127 778 soa·

170 823 239 885 tent
261 823 294 884 et
315 818 447 884 vocibus
470 819 636 885 abundant
665 838 747 903 quoe
770 819 876 887 lexica
899 820 971 884 Tuo
992 820 1126 902 maiore,

170 923 203 989 in
227 924 340 1006 quibus
364 924 548 991 Foroellinii
570 931 603 991 et
623 925 784 1008 Duoongii
803 926 1047 992 novissimarum
1061 925 1127 992 edi-

169 1030 302 1113 tionum,
326 1050 391 1096 non
414 1031 695 1116 comprehendunt.
714 1031 806 1098 dubis
819 1032 905 1114 mihi,
930 1033 977 1097 vir
995 1032 1126 1115 ingenio

171 1138 423 1220 elegantissimo,
446 1144 619 1225 antequam
636 1139 733 1205 limen
748 1138 841 1223 Apici
856 1138 948 1221 intro,
970 1140 1127 1206 siccorum

169 1243 404 1330 pigmentomm
435 1252 467 1313 et
495 1246 652 1329 liquorum
681 1245 811 1311 nomina
841 1264 1011 1331 perperam
1039 1245 1127 1329 picto

113 1391 116 1397 -
169 1370 296 1434 sonore,
321 1353 370 1420 Te
392 1373 457 1421 non
475 1353 562 1420 nudo
577 1354 750 1423 mandasse
771 1352 923 1420 excubias
939 1358 973 1418 ut
988 1373 1009 1418 a
1022 1352 1126 1438 prima

170 1456 255 1525 linea
276 1459 458 1543 intellegas.
880 1533 886 1544 ‚

238 1566 475 1651 „Zyniperum“
506 1567 577 1646 eins
597 1568 719 1636 codicis
741 1568 820 1636 alibi
842 1568 954 1634 melius
978 1564 1126 1633 scribitur

169 1670 371 1756 zinziberum,
394 1673 546 1759 zinziber,
568 1675 717 1758 gingiber
740 1682 852 1761 estque
874 1673 1012 1740 notionis
1035 1673 1125 1737 Tune

169 1778 367 1860 gingembre.
396 1780 436 1847 ci.
456 1780 500 1847 ad
514 1783 567 1862 29,
587 1803 646 1871 ppo
676 1784 857 1869 ,gentima“
873 1796 874 1804 ’
891 1783 1036 1849 codicem
1066 1780 1123 1846 he·

168 1886 246 1953 bere
270 1887 418 1973 „gentie“
444 1893 579 1955 testatur
602 1889 738 1955 Salmas.
769 1890 802 1955 in
825 1890 925 1956 Solio.
950 1909 981 1973 p.
1000 1890 1074 1955 823.
1092 1909 1122 1955 o.

171 2011 308 2077 esseque
337 1999 428 2080 putat
458 1996 556 2078 getia,
580 1997 744 2081 gethyum,
774 1987 895 2084 γήθυον
918 2018 976 2063 seu
990 1988 1122 2083 γὴιειον,
1149 2025 1162 2071 f

169 2118 305 2183 quocum
336 2119 401 2164 non
430 2101 525 2184 facio,
559 2123 598 2168 ea
629 2104 713 2170 enim
744 2125 835 2189 cepe.
849 2106 966 2176 Nostro
990 2108 1124 2169 vocatur

167 2207 361 2290 pallachona
384 2208 423 2275 oi.
441 2210 485 2275 ad
508 2213 582 2278 145.
606 2211 683 2277 mihi
707 2217 756 2278 est
777 2210 871 2276 Plinii
896 2212 947 2292 19,
977 2212 1047 2275 102.
1071 2230 1122 2276 se·

171 2314 269 2396 mnia,
295 2316 347 2398 19,
371 2317 424 2382 95.
448 2317 663 2402 Theophrasti
684 2318 755 2387 hist.
780 2319 880 2402 plant.
906 2320 936 2399 7,
960 2318 991 2400 4,
1017 2318 1046 2381 7.
1072 2337 1121 2385 oe-

171 2420 291 2502 tanion,
316 2414 462 2508 σητάνιον
484 2415 652 2512 κρόμμυον
675 2424 715 2492 cf.
740 2425 783 2491 ad
807 2426 881 2491 356.
909 2424 1047 2510 ,timmi“
1074 2430 1124 2490 est

167 2526 244 2607 timi,
272 2527 373 2611 thymi
403 2531 424 2596 i.
450 2552 477 2597 e.
501 2530 678 2598 folliculum
704 2534 772 2599 eine
796 2553 868 2599 oum
891 2532 1011 2598 semine
1034 2531 1122 2616 quod

168 2633 202 2697 in
226 2653 265 2698 eo
289 2637 485 2719 continetur,
499 2643 535 2702 ut
557 2639 640 2705 hace
661 2644 752 2705 rutae
770 2641 843 2706 137.
864 2640 935 2705 138.
953 2640 1028 2705 473.
1055 2639 1121 2724 „io

168 2740 311 2806 stincca“
335 2747 384 2808 est
401 2742 526 2810 fascina
541 2743 670 2810 Catonis
686 2747 740 2828 37,
756 2746 786 2813 5.
805 2745 897 2812 ovid.
911 2745 984 2812 fest.
998 2747 1030 2827 4,
1045 2744 1121 2812 754.

167 2848 243 2915 inde
267 2851 481 2915 Romanorum
504 2850 730 2917 hodiernorum
755 2851 881 2918 fascina
903 2859 936 2918 et
958 2852 1122 2918 Gallorum

167 2954 290 3022 faecine
322 2956 416 3042 (Diez
438 2957 518 3023 Lex.
548 2956 578 3020 d.
602 2977 680 3022 rom.
706 2977 769 3043 epr.
793 2979 825 3042 p.
855 2958 941 3044 140.)
972 2977 1031 3040 pro
1054 2957 1121 3021 vul-

166 3062 239 3144 gari
261 3083 343 3131 roeo
365 3061 547 3128 fasciculus.
575 3063 678 3147 „alin“
704 3069 754 3128 est
775 3063 840 3127 aliu
863 3063 882 3127 i.
904 3083 931 3128 e.
952 3062 1050 3127 alium
1063 3082 1122 3128 eeu

165 3168 285 3234 ollium.
319 3170 475 3254 „oopera“
502 3189 566 3234 non
595 3175 668 3235 sunt
690 3161 821 3256 ὄσπρια,
852 3175 1000 3253 corrupte
1023 3168 1122 3252 spiria

166 3295 218 3359 op.
238 3276 320 3339 Non.
336 3296 368 3359 p.
388 3276 459 3338 138.
485 3275 518 3338 in
534 3295 652 3358 ervum,
677 3296 782 3360 neque
799 3282 938 3360 coprete,
963 3265 1119 3362 ὀσπρητά,

166 3380 226 3446 sed
249 3401 387 3466 prasum,
410 3371 533 3466 ruptione
553 3383 607 3446 vel
622 3372 718 3447 elium
735 3381 1004 3466 scorodoprason,
1029 3403 1121 3468 onop-

166 3478 329 3575 δόπρασον
351 3489 498 3553 Dioscor.
520 3490 551 3569 2,
569 3489 739 3554 182.P1in.
761 3488 812 3553 25.
828 3489 879 3553 63.
904 3488 1012 3552 allium
1028 3486 1120 3552 fibra·

164 3600 231 3665 tum
252 3595 286 3661 in
308 3595 416 3679 Priop.
441 3595 495 3678 51,
520 3596 572 3660 22.
597 3593 717 3684 Vergil.
740 3599 852 3669 moret
876 3595 930 3668 88.
955 3592 1121 3672 Gallorum
