2498 4178
456 465 516 520 Lib.
535 463 583 520 IV.
620 465 784 522 Pandectes.
1055 468 1099 532 83

214 626 286 690 141.
333 625 487 690 Patina
519 630 673 692 zemate
708 645 932 707 garceneo:
979 625 1095 692 crudos

144 713 304 794 quoslibet
326 713 433 796 pisces
456 713 489 778 in
511 713 622 797 patina
646 733 829 796 conponas,
844 714 964 780 adicies
981 716 1096 796 oleum,

143 802 314 882 liquamen,
345 801 452 866 vinum
475 807 611 883 coctum,
635 802 822 868 fasciculum
844 803 940 888 porri,
973 803 1096 868 corian-

144 889 204 953 dri.
235 889 309 953 dum
340 890 494 972 coquitur,
526 896 611 955 teres
634 890 736 973 piper,
768 891 949 972 ligisticum,
975 891 1099 974 origani

143 977 342 1060 fasciculum,
374 978 415 1044 de
447 997 503 1042 suo
535 979 595 1044 sibi
625 978 764 1059 fricabis,
794 979 959 1045 suffundas
982 980 1032 1045 ius
1056 979 1098 1046 de

144 1085 203 1132 suo
226 1066 296 1147 sibi,
329 1086 391 1131 ova
414 1066 513 1131 cruda
536 1066 704 1147 dissolves,
736 1073 906 1153 temperas.
933 1067 1098 1134 exinanias

144 1155 178 1219 in
200 1154 352 1238 patinam.
376 1154 477 1220 facies
500 1161 534 1219 ut
554 1156 721 1237 obligetur.
746 1176 818 1221 cum
832 1156 978 1238 tenuerit,
1004 1156 1098 1240 piper

144 1243 293 1326 aspargis
317 1249 349 1308 61
369 1243 498 1309 inferes.

214 1333 287 1396 148.
312 1332 463 1396 Patina
486 1332 710 1396 solearum:
735 1331 842 1397 soleas
858 1333 982 1398 battues
999 1339 1099 1399 etcu-

144 1425 232 1485 ratas
256 1440 420 1507 conponas
443 1421 476 1485 in
499 1420 619 1504 patina,
643 1420 765 1486 adicies
788 1421 903 1502 oleum,
926 1422 1099 1504 liquamen,
1189 1463 1191 1470 ·

145 1509 263 1574 vinum.
296 1508 371 1574 dum
400 1509 555 1592 coquitur,
586 1514 671 1574 teres
694 1509 796 1593 piper,
824 1509 1007 1593 ›ligistioum
1040 1510 1100 1576 ori·

146 1617 276 1680 ganum,
299 1597 440 1679 fricabis,
464 1596 628 1664 suffundas
651 1597 709 1679 ius,
740 1617 802 1662 ova
826 1597 926 1663 cruda
949 1603 982 1666 et
1003 1618 1101 1665 unum

146 1705 264 1770 corpus
287 1685 396 1752 facies.
426 1706 523 1770 super
546 1687 653 1752 soleas
675 1685 837 1768 refundes,
869 1687 955 1752 lento
978 1686 1046 1769 igui
1069 1694 1101 1753 et

147 1795 277 1857 coques.
302 1795 374 1841 oum
397 1774 532 1858 duxerit,
557 1776 650 1859 piper
673 1776 820 1859 aspargis
844 1780 876 1840 et
897 1775 1026 1843 inferes.
1067 1796 1069 1802 ’

200 1933 316 1987 611147.
353 1933 446 1988 61661(
470 1933 596 1987 codicum
651 1933 849 2002 decoquuntur.
870 1933 939 1987 66116
953 1949 1100 1988 nunccon-

146 2008 290 2058 zomote
326 2019 500 2072 ganonas,
538 2020 595 2057 zo·
650 2008 708 2057 stat
728 2003 812 2069 ,sibi“
839 2020 901 2058 cum
926 2009 1023 2069 ,suus“
1043 2020 1099 2059 scr-

147 2079 241 2129 mute
270 2089 422 2143 ganono,
453 2090 596 2128 uomere
650 2090 759 2129 monem
777 2074 910 2128 rusticum
928 2075 1094 2143 iungere.-

147 2158 298 2214 ganona,
315 2159 597 2213 zamoraegano-
650 2144 888 2200 166116111159.
909 2145 1096 2200 (1616111140.

146 2230 209 2269 1166
232 2220 261 2271 61
284 2215 411 2270 adhibito
439 2219 594 2284 ,garoeno“

651 2216 710 2269 148.
731 2216 792 2270 905.
805 2216 865 2268 367.
886 2217 1029 2270 strinxerit
1040 2217 1099 2276 151.

149 2286 210 2340 149.
229 2302 280 2354 pro
299 2287 379 2340 Hum.
400 2287 596 2354 p.piscinm
650 2286 696 2341 vel
729 2287 746 2339 i.
771 2302 796 2354 q.
824 2287 996 2341 concreverit
1024 2286 1102 2341 velut

148 2358 423 2425 zomoteganite
455 2357 535 2411 effeci
568 2362 599 2410 ut

147 2429 186 2482 ait
210 2427 294 2494 ζέματι
323 2433 464 2496 γαροινίνῳ,
492 2428 598 2482 iusculo

148 2498 273 2567 inprimis
286 2514 321 2552 ex
330 2513 399 2565 garo
410 2504 439 2552 et
449 2499 513 2552 vino
524 2498 600 2567 qnod

149 2575 270 2625 constat.
291 2584 368 2630 zema
387 2570 448 2633 ζέμα
467 2585 528 2623 6666
548 2570 598 2627 ζω-

148 2639 210 2706 μὸν,
223 2637 342 2705 ζώμευμα
356 2638 494 2694 Dufresne
507 2640 598 2695 Gloss.

148 2711 181 2764 Τ.
201 2709 250 2764 VL
275 2726 302 2778 p.
328 2711 388 2764 933.
415 2711 470 2763 iam
495 2710 598 2764 docuit.

150 2781 600 2835 -vinumcoctumutlldict

149 2852 271 2906 Dioclet.
285 2853 310 2914 9,
324 2852 364 2905 15.
385 2857 428 2906 661
447 2851 602 2914 decoctum,

150 2920 239 2989 ἳψημα
253 2924 336 2984 οἴνου,
350 2920 432 2986 ἑφθός
448 2925 517 2979 οἶνος
535 2922 602 2989 Hip·

149 2998 260 3061 poorat.
280 3009 306 3060 p.
327 2993 388 3056 359,
408 2994 432 3045 6.
452 2991 555 3046 Athen.
578 2995 602 3055 1,

150 3064 352 3126 5161166611,
380 3077 450 3130 sapa
476 3062 602 3126 aliorum,

151 3133 222 3187 Plin.
251 3134 292 3196 14,
317 3134 360 3188 89.
390 3135 529 3188 Hermann
555 3133 601 3188 Gr.

151 3204 298 3259 Privatalt.
327 3209 349 3270 ξ.
370 3206 413 3267 96,
441 3206 465 3257 1.
494 3234 527 3244 -
563 3204 603 3257 (16

151 3291 216 3330 suo
236 3275 311 3330 sibi
329 3291 422 3331 secum
436 3276 513 3342 ipsis,
528 3290 604 3329 6661-

152 3347 213 3410 sim,
240 3346 322 3401 melle
346 3362 402 3400 non
426 3346 523 3400 addito
543 3347 603 3400 909.

152 3419 215 3472 399.
235 3419 289 3472 166
308 3417 349 3472 (16
368 3433 430 3472 suo
450 3417 521 3471 sibi
535 3416 604 3470 illud

153 3489 182 3543 in
197 3506 252 3559 quo
266 3490 357 3558 pisces
375 3495 538 3556 coquuntur,
557 3503 605 3556 pa·

154 3561 284 3615 tinarium
307 3560 364 3614 165.
384 3561 424 3613 616
444 3560 605 3622 (1611111119,

155 3632 199 3698 49,
218 3635 243 3686 9.
264 3631 385 3685 malain
404 3646 454 3684 suo
473 3631 528 3686 sibi
547 3632 606 3685 iure

653 2362 703 2411 aut
739 2357 909 2421 constiterit,
951 2357 1101 2422 strinxerit,

654 2428 759 2483 coierit.

707 2498 744 2551 ad
765 2498 822 2551 148.
861 2497 1104 2559 611Ρ1111.9,68.

656 2569 745 2634 ,circa
763 2568 886 2623 Ebusum
905 2569 985 2636 salpa
1002 2568 1104 2636 princi-

653 2645 751 2707 patum
762 2639 879 2701 obtinet,
890 2638 1027 2693 obscenus
1036 2638 1105 2693 alibi

654 2716 684 2763 et
697 2711 744 2778 qui
753 2725 887 2778 nusquam
897 2710 1031 2778 percoqui
1041 2725 1106 2777 pos·

656 2781 693 2834 sit
724 2780 777 2833 nisi
807 2780 896 2834 t‘erulo
925 2780 1104 2835 verberatus“

656 2851 723 2905 olim
750 2851 835 2904 malui
862 2851 1045 2918 salparum
1078 2855 1107 2904 et

656 2922 787 2989 salpas.
807 2936 879 2975 nunc
891 2920 1004 2974 confero
1015 2922 1106 2974 iocum

655 2992 749 3045 Plauti
775 2991 865 3044 Oasin.
892 2993 917 3053 9,
937 2992 962 3053 8,
982 2991 1024 3044 60.
1047 3006 1107 3055 ,6ο-

656 3063 735 3117 leas?
746 3061 794 3129 qui
804 3076 909 3129 quaeso
920 3061 1014 3128 potius
1025 3076 1108 3128 quam

657 3133 823 3200 sculponeae
850 3131 950 3200 quibus
975 3132 1109 3186 batuatur
1137 3143 1159 3155 *²

657 3204 710 3257 tibi
735 3207 792 3258 os“.
818 3203 842 3256 is
867 3203 952 3270 piscis
972 3203 1108 3257 delicatus

658 3275 739 3329 nobis
770 3275 871 3328 dicitur
903 3272 995 3328 adhuc
1030 3271 1109 3327 sohle

659 3352 757 3414 estque
775 3346 937 3416 systematis
948 3345 1111 3412 pleurouec-

659 3423 701 3472 tes
715 3417 800 3472 solea.
817 3447 849 3453 —
869 3415 1046 3478 16116616,
1062 3431 1110 3468 un·

661 3489 696 3542 de
716 3487 828 3542 barbari
846 3485 972 3542 fecerunt
991 3486 1110 3550 battere,

659 3559 810 3622 battidere,
837 3557 911 3612 Galli
930 3557 1031 3620 battre,
1055 3557 1111 3610 Pli-

660 3632 698 3684 nii
717 3636 761 3684 est
780 3628 871 3684 ferula
892 3628 1048 3686 verberare.
