2498 4178
378 443 438 517 66.
458 444 506 502 rr.
543 444 707 505 Pandectcs.
754 420 755 425 ‘
980 446 1022 512 69

74 607 150 675 elixi
182 614 214 673 et
242 606 320 672 folia
348 607 505 674 coriandri
538 613 569 673 et
599 608 705 674 solves
736 607 778 674 de
800 607 932 673 iuscello
956 610 1024 677 eius

74 704 299 791 etyaporabis
321 706 355 770 in
378 707 484 773 cinere
508 704 612 772 calido
637 711 670 772 et
691 705 824 771 adorna.
853 711 1025 789 antequam

72 794 189 860 fundas
211 794 245 858 in
266 797 408 876 vasculo,
432 795 597 883 perfundis
621 794 783 861 conditam
806 794 901 861 etsie
920 796 1023 881 ponis.

143 885 214 948 120.
242 883 481 950 Caccabina
503 884 651 950 fusile:
675 885 809 964 malvas,
829 903 952 970 porros,
970 886 1024 951 be·

73 980 122 1038 tas
153 973 221 1038 sive
252 974 383 1038 coliclos
413 975 557 1054 elixatos,
587 973 697 1038 turdos
726 972 831 1056 adque
860 973 1025 1039 esiciatum

73 1063 204 1147 pullum,
230 1062 367 1146 copadia
390 1064 524 1148 porcina
543 1062 610 1129 sive
629 1063 751 1148 pullina
768 1068 800 1128 et
814 1067 922 1128 cetera
942 1082 1025 1145 quse

73 1151 106 1217 in
128 1152 291 1236 praesenti
313 1151 433 1218 habere
449 1151 586 1237 poteris,
612 1171 776 1237 conpones
799 1149 955 1215 variatim.
978 1157 1025 1217 te

72 1260 125 1306 res
148 1240 252 1326 piper,
276 1240 446 1321 ligist-icum
471 1260 541 1306 cum
563 1239 629 1306 riui
650 1240 768 1306 veteris
790 1238 900 1325 pondo
924 1240 965 1305 ΙΙ.
989 1240 1025 1305 li·

74 1349 211 1411 quamen
241 1328 349 1413 pondo
380 1330 405 1393 Ι.
440 1329 504 1394 mel
534 1328 643 1414 pondo
671 1330 697 1394 Ι.
729 1327 793 1395 6161
820 1327 1025 1409 aliquantum.
1089 1372 1091 1379 ,

72 1418 192 1484 iustata
222 1415 274 1504 [id.
299 1417 458 1503 permixta
482 1424 514 1483 et
535 1415 724 1505 temperata]
756 1417 853 1483 mittis
881 1416 914 1481 in
944 1417 1025 1501 pati-

73 1528 147 1572 nam
178 1512 210 1572 et
239 1506 292 1572 fac
321 1513 357 1572 ut
386 1505 513 1574 modice
543 1507 676 1574 ferveat.
709 1513 741 1573 et
772 1526 843 1573 cnm
872 1506 1025 1590 coquitur,

73 1595 195 1662 adicies
217 1595 330 1676 lactes,
354 1595 388 1661 in
410 1616 474 1662 uno
499 1615 561 1662 ova
585 1595 740 1663 dissoluta
763 1616 835 1662 curn
853 1598 939 1662 lacte
953 1615 1025 1684 per·

73 1684 199 1751 fundes.
223 1683 366 1771 patinam
389 1705 465 1750 mox
488 1685 719 1768 constrinxerit,
743 1684 873 1752 inferes.

73 1850 103 1903 61
118 1842 239 1899 adora.
258 1849 404 1913 praeterea
418 1844 525 1900 correxi
578 1846 604 1899 2.
622 1857 650 1912 p.
670 1844 731 1905 268,
749 1844 792 1898 33.
812 1843 1027 1905 solvescom-

72 1918 257 1972 intersere
282 1931 333 1983 pro
358 1916 454 1970 inter
478 1932 523 1971 se.
577 1916 694 1980 minues,
721 1913 893 1985 liquefacies,
919 1913 1027 1970 levabis

73 2018 104 2026 —
127 1984 345 2042 cerefolium
368 1985 458 2040 forma
475 2003 524 2042 no·
579 1987 834 2042 mesenensem:
863 2000 923 2040 eam
948 1986 1028 2041 tritu·

72 2058 153 2112 minis
182 2058 274 2112 medio
306 2073 377 2112 aevo
406 2058 524 2112 maxime
577 2071 636 2112 ram
667 2057 795 2112 suffunde
826 2058 885 2112 inre
915 2057 951 2112 de
975 2071 1026 2111 666

74 2129 205 2191 solennis,
221 2128 309 2182 rarior
325 2134 369 2183 est
385 2127 483 2183 caeref.
495 2134 525 2184 61
578 2128 639 2190 sibi,
664 2128 739 2198 quod
765 2128 842 2182 olera
860 2144 921 2182 oum
940 2127 1027 2195 liqua-

74 2199 195 2256 cbaeref.
215 2201 252 2254 ad
285 2216 326 2264 gr.
353 2201 524 2267 χαιρέφυλλον
577 2200 650 2253 mine
669 2205 699 2254 et
717 2199 781 2254 oleo
798 2204 879 2253 cocta
894 2196 1007 2253 babent.

74 2271 153 2343 quasi
164 2270 239 2325 foliis
254 2269 404 2332 luxurians,
417 2275 523 2338 putant.
631 2269 669 2324 ad
685 2269 745 2324 120.
764 2269 874 2324 fusile
891 2269 950 2323 iure
963 2285 1027 2337 pro·

73 2342 125 2398 sed
143 2343 237 2397 verior
245 2342 357 2396 videtur
367 2342 525 2406 oerepolum
577 2339 650 2403 fuso,
676 2341 803 2409 opipare,
828 2340 954 2408 impenso
979 2354 1028 2408 pa·

73 2429 118 2478 ap.
141 2412 246 2467 Colum.
265 2413 379 2474 10,110.
398 2411 469 2466 Plin.
482 2413 524 2475 19,
577 2416 648 2474 rata,
675 2412 826 2479 opponitur
851 2412 911 2465 119.
937 2411 972 2465 de
994 2426 1028 2466 ea

75 2485 136 2538 170.
156 2483 302 2538 Salmasio.
322 2483 457 2551 originem
476 2499 525 2537 vo-

74 2556 114 2611 cis
133 2556 239 2609 invenit
257 2554 357 2608 Martiu
382 2553 525 2608 Pflanzen·

71 2641 180 2687 namen,
195 2642 222 2694 p.
233 2625 269 2679 30
287 2624 469 2679 intellexerim
479 2641 525 2679 ve-

72 2713 104 2752 ro
123 2696 200 2750 illam
219 2695 301 2750 Plinii
321 2696 363 2757 12,
382 2696 425 2749 30.
445 2695 523 2763 plan-

72 2773 130 2823 tam
144 2767 274 2829 indicam,
291 2781 363 2835 quae
376 2766 524 2836 carophyl-

72 2839 138 2901 lum,
171 2836 266 2892 cariof.
301 2837 437 2905 garyoph.
470 2841 522 2891 cet.

72 2909 212 2972 scribitur,
224 2915 253 2963 et
265 2913 309 2963 661
320 2908 522 2972 gewurznellxe.

71 3009 105 3018 -
129 2996 196 3034 uno
221 2995 275 3034 non
302 2979 413 3033 videtur
431 2994 524 3034 nume-

68 3051 139 3114 rale,
164 3049 214 3105 sed
233 3049 279 3104 vel
297 3064 365 3103 una
384 3050 523 3117 corrigen-

72 3121 138 3176 dum
158 3127 187 3175 et
205 3120 388 3188 supplendum
409 3123 521 3187 „parte”

71 3191 116 3246 vel
136 3191 330 3259 explicandum
350 3190 421 3253 solo,
439 3190 522 3257 μόνῳ,

72 3267 191 3324 tantum,
208 3267 259 3316 aut
273 3262 302 3314 in
315 3277 379 3323 uno,
392 3261 522 3324 inunum,

71 3337 102 3387 ut
120 3333 148 3386 in
166 3349 250 3387 unum
263 3337 359 3397 „terere
381 3332 452 3386 dixit
471 3331 522 3386 Go-

71 3403 136 3456 lum.
157 3404 200 3466 12,
219 3403 244 3466 8,
263 3404 287 3456 3.
312 3431 344 3440 ἡ
368 3402 522 3456 medium

578 2483 699 2537 ablativi
710 2480 800 2536 forma
809 2481 903 2536 monui
912 2480 949 2535 ad
960 2481 1028 2537 Gar·

579 2553 1027 2623 &pum-mmm

579 2624 682 2694 pullu
701 2623 763 2679 aod.
777 2623 844 2678 milri
860 2629 903 2678 661
917 2624 1026 2679 exiciat.

569 2696 623 2751 ·vel
637 2695 797 2758 exsicatum,
815 2699 956 2750 exsectum
970 2695 987 2748 i.
1003 2711 1026 2749 e.

577 2766 806 2835 pulpam,peotus
816 2766 887 2835 pulli
897 2765 1027 2822 384.402.

579 2838 644 2893 coll.
671 2837 731 2891 200.
763 2867 796 2875 -
823 2842 975 2904 gustata
993 2835 1028 2891 id

577 2907 757 2976 permixta
788 2911 823 2961 et
854 2911 1026 2973 tempera.

577 2985 648 3034 tam
668 2977 729 3033 aod.
742 2977 818 3044 quod
834 2976 964 3030 mendum
983 2993 1027 3030 su-

578 3049 644 3104 stuli
669 3047 706 3102 ad
731 3048 772 3100 61.
798 3048 902 3101 instare
928 3051 972 3101 661
990 3047 1028 3102 ad

576 3121 679 3188 iustam
706 3132 862 3173 mensuram
891 3117 1027 3186 redigere,

576 3192 641 3245 inde
666 3190 778 3251 ainster¹
803 3187 966 3257 aggiustare
990 3188 1025 3243 al.

576 3277 622 3330 ap.
642 3261 718 3314 Diez.
744 3261 809 3314 Lex.
835 3259 861 3312 d.
881 3275 950 3313 rom.
970 3275 1025 3327 spr.

576 3349 602 3400 p.
624 3332 683 3384 176.
703 3347 753 3399 pro
772 3331 806 3384 in
821 3324 913 3398 figura
927 3330 963 3394 †l
984 3334 1028 3384 est

575 3403 604 3455 in
629 3401 691 3457 cod.
718 3431 750 3439 -
780 3417 857 3455 mox
888 3399 972 3454 simul
994 3415 1028 3455 66

71 3473 223 3528 dimidium.
244 3473 360 3528 caulis
379 3472 521 3527 brassicae
574 3472 669 3527 Vales.
695 3472 732 3526 ad
757 3471 849 3525 Amm.
875 3471 961 3525 Marc.
984 3471 1026 3534 17,

72 3544 225 3607 oleraoeae,
249 3542 363 3612 κράμβης
390 3543 404 3593 0‘
431 3543 522 3600 καυλὸς

71 3629 115 3684 ap.
134 3614 272 3674 medicum
284 3614 314 3673 in
326 3613 427 3672 Idaleri
437 3613 520 3685 Oorp.

577 3545 600 3666 ὲ.
621 3543 647 3666 ξ.
665 3542 715 3595 166
734 3543 771 3596 ad
790 3540 912 3595 Macrob.
930 3545 983 3595 sat.
1002 3541 1026 3608 t,

596 3653 602 3679 ,
641 3652 647 3665 .
