2498 4178
145 404 189 475 42
462 408 522 468 Lib.
541 409 576 466 ll.
612 408 770 482 Sarooptes

212 570 266 638 43.
298 572 431 639 Isioia
454 578 682 639 omentata:
714 572 846 655 pulpam
869 571 1036 641 concisam
1059 577 1103 642 tc·

147 681 209 743 res,
234 681 304 728 cum
328 662 458 728 medula
480 661 616 744 siligine,
639 660 672 724 in
695 660 789 726 vinco
812 660 921 726 infusu
938 661 1046 747 piper,
1068 663 1103 731 li.

148 770 297 832 quumen,
329 750 356 815 si
385 751 466 816 velis
495 757 527 816 et
558 752 670 815 bacam
704 749 816 814 mirtue
848 757 1104 835 extemperatam

147 839 239 905 simul
264 845 420 904 conteres.
445 839 562 926 pusilla
583 838 675 905 isicia
698 836 849 905 formabis
871 838 955 907 intus
979 839 1103 908 nucleis

148 933 181 993 et
203 926 316 1010 pipere
339 927 462 1012 positis,
486 928 628 993 involuta
651 932 777 992 omento
801 928 999 1011 subassabis,
1031 949 1103 996 cum

146 1036 297 1101 geroeno.
721 1033 724 1039 ’

213 1106 265 1170 44.
290 1104 425 1171 Isiciu
447 1105 589 1188 plens:
614 1102 757 1188 accipies
780 1103 896 1188 adipes
919 1103 1039 1173 fasiani
1053 1125 1102 1175 rc·

147 1201 267 1278 centes,
290 1193 468 1281 praedurus
493 1200 525 1261 et
546 1191 628 1259 lacis
652 1213 693 1258 ex
717 1194 926 1276 colomellos,
959 1215 1034 1261 cum
1054 1195 1102 1281 pi·

147 1374 223 1431 diost
248 1375 336 1438 ..haec
353 1375 432 1432 isicia
449 1376 513 1433 loco
536 1377 598 1433 illo·
651 1378 731 1447 biger
750 1376 853 1447 deogr.
872 1376 920 1433 III.
940 1392 968 1447 p.
987 1377 1052 1441 188.
1069 1403 1101 1415 ·-

147 1462 207 1502 rum
227 1448 262 1502 de
282 1448 381 1517 quibus
400 1463 485 1517 supra
503 1447 599 1505 inferri
651 1451 759 1506 vineo
786 1464 855 1504 corr.
881 1466 932 1517 pro
961 1449 1047 1504 vino
1074 1449 1103 1505 ct

146 1524 292 1586 possuntt
307 1534 341 1572 un
357 1519 438 1582 „loco
452 1520 529 1576 sicii*
549 1537 598 1576 seu
651 1519 774 1576 infusu
798 1536 849 1588 pro
874 1519 987 1575 infusi
1010 1527 1041 1578 et
1058 1518 1100 1574 51.

148 1589 333 1658 „impensae“,
359 1591 402 1646 als
427 1589 513 1655 force,
539 1608 595 1647 ron
652 1597 681 1648 et
704 1591 832 1646 mirtss
857 1607 909 1656 pro
934 1592 1044 1647 mirts
1067 1605 1103 1647 ox

146 1657 286 1717 definiam.
323 1661 409 1718 Forte
447 1669 501 1726 „et
532 1679 597 1728 pro
651 1662 873 1717 2159811116.
893 1660 1102 1719 senmurum.

146 1733 193 1788 iis
211 1734 316 1788 siciis
334 1733 472 1789 inferes
489 1735 598 1790 isicia
651 1735 669 1788 i.
695 1752 718 1790 e.
743 1735 835 1803 myrti.
862 1740 897 1789 et
921 1739 1102 1804 tempora·

148 1810 347 1860 omentata:
390 1805 495 1861 conieci
532 1805 597 1861 olim
651 1811 721 1860 tam
739 1825 761 1872 γ.
781 1804 841 1861 flor.
856 1809 1101 1868 extenteratamss.

148 1891 217 1943 „pro
236 1877 329 1930 incisis
348 1874 479 1938 inlares‘,
504 1883 536 1931 ut
555 1893 597 1931 es·
651 1881 825 1945 myrteam
869 1882 1027 1945 extemp.
1074 1892 1101 1927 π.

59 1963 60 1967 ’
147 1952 192 2002 set
211 1962 280 2013 „pro
299 1947 392 2000 incisis
411 1948 598 2016 ovisquibus
651 1949 799 2015 mixtum
819 1952 855 2002 et
873 1953 976 2014 temp.
997 1947 1032 2003 ed
1061 1961 1101 2015 pr.

146 2018 259 2086 saepius
270 2017 421 2085 obligatur,
431 2018 515 2072 etiem
525 2017 598 2074 farre
652 2013 1101 2074 exenterataminvenitllum.

147 2089 275 2156 obligare
285 2094 394 2156 potes‘,
406 2088 433 2141 in
446 2104 528 2157 quum
541 2105 597 2144 rem
652 2104 735 2157 quum
756 2089 877 2156 explicat
892 2089 1102 2152 decorticatum,

147 2161 215 2216 alibi
234 2160 354 2215 amulum
374 2164 403 2214 et
416 2165 535 2214 tractum
549 2160 598 2214 ud·
651 2174 669 2213 a
693 2161 796 2215 cortice
815 2167 972 2229 purgatum.
999 2161 1036 2216 ud
1054 2176 1103 2214 no·

146 2230 264 2287 hibetur.
286 2235 319 2285 cl.
331 2232 373 2286 94.
388 2233 431 2286 95.
443 2232 503 2285 257.
522 2232 598 2298 equi·

147 2303 210 2358 dem
230 2303 419 2360 contenderim
439 2318 490 2370 pro
504 2303 597 2357 otioso

148 2373 282 2436 „inferes“
317 2374 428 2439 saepius
460 2372 597 2435 „inlares‘

145 2446 162 2500 i.
183 2461 206 2499 e.
234 2442 325 2506 ,darre
351 2443 479 2502 oblicos*
504 2445 597 2512 legen-

147 2514 213 2568 dum
232 2530 301 2570 esse.
316 2529 406 2581 neque
420 2513 543 2581 ineptum
557 2516 598 2569 vi-

147 2585 230 2640 detur
252 2585 277 2639 ni
300 2585 406 2639 scribas
430 2601 498 2652 „pro
517 2586 597 2640 siccis

145 2654 275 2718 inlares‘.
302 2654 337 2709 cl.
353 2671 397 2709 res
416 2671 486 2722 ouras
504 2656 530 2710 iu
546 2658 597 2711 sio-

146 2727 186 2781 cis
210 2732 354 2782 recensent
372 2726 511 2792 Excerpta.
527 2726 597 2795 Api-

145 2797 171 2851 ci
191 2797 218 2850 in
238 2804 334 2852 nostra
354 2796 434 2865 epist.
454 2796 597 2852 dedicato-

145 2868 195 2922 ria.
234 2867 362 2924 Ceterum
391 2867 506 2922 eandem
538 2867 596 2924 fere

146 2941 377 3007 compressionem
392 2939 521 2993 librarius
538 2941 596 3008 qui·

145 3010 208 3064 duur
220 3013 394 3079 transposuit
403 3010 439 3064 ad
451 3011 546 3065 olera]
557 3011 594 3063 12.

144 3081 323 3136 similitudine
337 3081 455 3136 nominis
472 3081 596 3136 eiusdem

145 3150 289 3216 deceptus.

197 3221 287 3274 ad43.
306 3220 499 3275 medullam
513 3222 595 3276 etur.

81 3322 93 3337 .
143 3291 254 3345 variant
274 3291 337 3344 libri
351 3291 422 3344 Plin.
433 3292 476 3353 32,
487 3292 529 3342 6⁶2.
540 3306 596 3346 me·

144 3362 218 3415 diam
244 3362 358 3416 brevem
383 3377 445 3415 esse
464 3361 542 3416 vides
562 3378 596 3415 ex

143 3431 251 3487 Auson.
273 3431 355 3500 epist.
374 3431 399 3484 4.
418 3431 455 3484 iu.
475 3433 540 3493 et9.
552 3433 592 3485 18.

144 3499 592 3571 significaturgallicumtriticum.

144 3570 180 3627 dc
190 3589 224 3628 eo
235 3575 344 3631 Galliae
357 3572 464 3645 populo
480 3572 594 3647 ullor,

651 2237 738 2285 strum
750 2231 880 2299 particip.
893 2237 987 2286 mente
1002 2230 1102 2299 supple

653 2302 753 2364 ‚,vino“
773 2308 802 2356 et
820 2302 946 2370 intellige
968 2302 1102 2373 myrtida-

651 2389 716 2427 num
741 2373 824 2427 Plinii
852 2373 974 2435 14‚104.
1000 2378 1102 2428 murts·

652 2450 710 2498 tum
729 2443 846 2496 Varron.
866 2445 895 2497 L.
915 2445 946 2498 L.
966 2444 992 2506 5,
1012 2445 1054 2498 82.
1074 2459 1100 2512 p

651 2531 686 2568 m.
707 2514 765 2568 114.
777 2514 859 2568 Plinii
871 2515 914 2578 15,
929 2515 986 2569 118.
1008 2531 1044 2570 ex
1056 2515 1102 2570 sil·

651 2586 751 2639 vestris
776 2585 859 2654 myrti
884 2586 964 2640 bacis
992 2583 1102 2642 coniec-

651 2661 717 2709 tum.
737 2655 802 2710 hod.
823 2656 992 2711 mortudella
1006 2657 1033 2712 in
1046 2657 1102 2713 Itu·

650 2726 697 2781 lie.
719 2756 749 2764 -
770 2726 898 2795 pipere
917 2728 1022 2795 piperis
1040 2742 1102 2797 gru·

650 2797 693 2851 nis
717 2796 760 2850 54.
781 2827 819 2858 ,-
846 2813 1007 2866 guroeno
1031 2799 1049 2853 i.
1074 2814 1101 2867 q.

651 2882 794 2934 oenogaro
822 2883 892 2922 corr.
921 2885 973 2938 pro
1009 2884 1102 2925 osro-

651 2953 703 2992 mo
729 2938 775 2992 vel
809 2954 974 2995 caroeno.
1002 2939 1102 3009 supple

651 3006 797 3072 „interest

704 3079 741 3133 ud
759 3079 802 3133 44.
835 3080 1037 3147 praedurus
1061 3081 1101 3136 in·

650 3148 727 3209 dura.
747 3150 865 3211 obdura,
887 3151 1002 3218 paulum
1020 3150 1101 3220 frigo,

649 3229 775 3275 nostrum
800 3221 944 3276 anbraten.
971 3251 1003 3260 -
1028 3227 1101 3277 tes·

650 3291 748 3345 selas
772 3295 798 3353 β.
814 3291 862 3375 fd·
882 3308 922 3359 pr.
943 3291 1101 3376 H·.‘.⁰.⁸’

649 3377 759 3415 roeno
785 3377 894 3417 misces.
921 3392 954 3400 —
980 3379 1014 3416 ru
1036 3377 1101 3416 rsr·

650 3432 706 3486 cio
725 3432 892 3486 includes
915 3432 960 3486 vel
980 3439 1025 3488 cst
1050 3447 1101 3495 „ea

649 3517 742 3556 massa
767 3503 929 3557 intestinum
954 3508 1099 3559 tenuatum

648 3570 776 3636 farcies‘,
801 3573 877 3642 quod
904 3589 994 3642 genus
1019 3572 1100 3629 farci-
