2594 4178
261 448 305 521 20
664 446 815 511 Praefatio.

260 614 413 679 auxilium
442 614 512 679 fore
543 613 711 680 arbitratus
743 627 775 680 et
805 617 922 681 bonum
954 615 1068 682 ducem
1096 619 1218 683 bonum

261 720 407 786 comitem
439 721 604 785 facturum.
637 721 753 786 mutuis
783 721 905 802 aliquot
932 722 1075 807 epistolis
1104 722 1145 789 de
1169 724 1216 788 in-

260 825 421 891 stituenda
443 827 565 892 ratione
589 827 764 893 communis
788 826 896 909 operis
915 827 1019 892 missis
1037 829 1139 894 exitus
1156 829 1218 895 fuit

259 938 295 995 ut
323 951 399 996 suas
429 933 615 998 collationes
642 941 767 998 mecum
798 932 1046 998 communicaret
1073 954 1172 1018 seque
1196 959 1217 1000 6

260 1056 337 1103 cura
359 1037 508 1123 apiciana
520 1045 707 1105 removeret.
732 1044 806 1103 sunt
827 1038 902 1104 illae
926 1039 1047 1105 codicis
1074 1041 1217 1107 vaticani
1285 1053 1288 1057 ’

262 1145 347 1209 1146
378 1143 475 1232 (sigla
503 1145 572 1211 6166
602 1152 652 1210 661
680 1144 716 1230 β)
749 1144 954 1210 vetustissimi
986 1146 1058 1212 circ.
1083 1167 1148 1213 sec.
1173 1149 1214 1215 X.

260 1250 349 1317 cuius
371 1252 477 1317 varias
500 1251 655 1317 lectiones
673 1251 744 1334 jam
767 1251 890 1316 (ludius
914 1249 970 1338 (el.
986 1253 1112 1318 Fabric.
1132 1254 1213 1321 Bibl.

258 1358 328 1423 Lat.
353 1357 589 1441 616561.
614 1363 678 1423 not.
704 1356 751 1443 d.)
782 1355 825 1422 ad
855 1357 1034 1440 marginem
1065 1358 1214 1426 editionis

258 1463 387 1528 minime
418 1463 651 1547 exspectationi
681 1462 907 1547 respondentis
937 1463 1133 1530 Torinianae
1158 1486 1214 1550 ap-

258 1569 409 1657 pinxerat
426 1571 503 1635 anni
525 1569 619 1636 1551.
642 1590 698 1636 666
716 1567 927 1638 feroinutilcs
942 1589 962 1635 a
977 1570 1125 1636 Fabricio
1143 1592 1215 1638 cum

258 1677 498 1742 Almoloveenio
519 1676 573 1760 qui
593 1676 767 1742 editionem
780 1675 870 1741 illam
891 1675 1215 1744 amstelodamcnscm

258 1803 311 1849 an.
336 1783 512 1849 uocolx.
538 1776 661 1849 cura‘vit
689 1783 836 1849 absoluto
858 1782 923 1846 iam
946 1802 1045 1866 opere
1074 1803 1213 1865 commu·

258 1891 381 1956 nicatas
411 1895 486 1974 post
514 1909 590 1977 pag.
612 1892 686 1957 277;
718 1889 819 1956 habes
848 1888 988 1973 indeque
1018 1909 1150 1956 recusas
1181 1892 1214 1957 in

258 1997 499 2064 bernholdiana.
524 2003 660 2080 suntque
688 1997 766 2063 item
788 1995 1037 2063 vaticanill4b
1066 1995 1099 2082 (y
1122 1997 1214 2084 mihi)

259 2123 323 2170 sec.
348 2104 435 2170 XIV.
460 2103 563 2169 minus
583 2104 659 2169 boni
679 2110 711 2169 et
727 2103 860 2187 parisini
880 2103 965 2167 6167
980 2102 1021 2190 (π
1037 2103 1138 2189 milri).
1159 2124 1213 2170 va-

257 2210 384 2276 ticanos
407 2229 530 2275 summa
553 2230 625 2275 eum
649 2230 725 2275 cura
748 2208 880 2275 contulit
902 2210 938 2274 ll.
963 2211 1080 2292 Brenn,
1105 2211 1213 2276 Duob-

259 2336 317 2382 ner
340 2317 523 2400 parisinum.
548 2316 576 2382 is
598 2316 632 2381 in
654 2315 760 2380 multis
783 2315 934 2380 abhorret
957 2317 998 2381 ab
1021 2314 1093 2397 illis,
1125 2315 1214 2382 ride·

255 2428 309 2486 tur
333 2422 413 2487 alius
436 2422 577 2488 familiae
601 2422 690 2488 cuius
713 2422 865 2506 princeps
893 2421 1039 2487 librarius
1070 2422 1124 2486 vel
1147 2441 1215 2487 cor-

157 2598 165 2613 &
259 2534 353 2610 rupta
375 2528 428 2592 vel
450 2547 514 2592 non
537 2529 614 2594 satis
633 2529 797 2595 intellecta
812 2548 870 2593 sua
886 2527 1074 2593 auctoritate
1090 2535 1122 2592 61
1139 2548 1213 2593 666-

260 2632 508 2699 silio-abolebat
531 2640 563 2700 et
586 2634 778 2717 corrigebat.
804 2637 965 2715 lemmata,
989 2632 1215 2716 inscriptiones

261 2739 464 2823 capitulaque
489 2741 603 2806 omittit
624 2740 722 2823 idque
745 2742 868 2823 merito,
892 2762 966 2806 nam
986 2740 1215 2806 suntlibrario·

259 2863 329 2910 rum
351 2851 448 2929 atque
478 2866 543 2912 non
565 2849 749 2914 necessario
771 2849 887 2914 librum
910 2853 1038 2929 augent.
1071 2848 1160 2912 socio
1183 2848 1216 2912 in

261 2972 361 3036 opere
384 2951 534 3019 faciendo
558 2960 681 3019 mortuo
702 2954 832 3021 deserta
852 2973 950 3020 causa
968 2953 1041 3033 vici,
1066 2958 1136 3017 erat
1155 2954 1215 3019 sei-

259 3060 336 3126 licet
358 3081 423 3124 non
446 3081 518 3126 raro
542 3067 675 3143 patruus
697 3060 775 3125 mihi
799 3067 831 3126 et
852 3060 963 3142 lingua
986 3057 1137 3124 bellabat.
1168 3065 1214 3124 at-

260 3185 322 3248 que
345 3165 421 3247 iugo
447 3186 582 3232 excusso
607 3187 702 3250 quarn
730 3171 872 3251 spartam
894 3184 974 3229 unus
997 3170 1110 3230 nactus
1133 3166 1215 3232 hauc
1279 3203 1284 3212 ·

261 3272 372 3337 ornavi
404 3277 436 3336 61
465 3272 511 3337 616
535 3272 589 3336 661
612 3271 688 3335 mihi
709 3270 921 3337 fundamenta
941 3270 1102 3353 facienda,
1132 3292 1215 3337 sum-

259 3399 346 3443 mum
368 3377 532 3460 fastigium
553 3378 780 3465 imponendum
805 3384 837 3444 et
859 3398 1009 3462 suprema
1027 3397 1141 3443 manus
1159 3379 1215 3443 ad·

261 3482 378 3551 denda.
404 3485 458 3568 qui
480 3484 583 3568 primo
608 3486 739 3552 summis
759 3484 897 3573 pedibus
918 3481 1133 3566 ingrediebar,
1160 3484 1215 3549 ho·

261 3608 329 3654 rum
353 3590 498 3659 codicum
522 3597 555 3659 et
578 3590 727 3658 editionis
746 3590 900 3675 principis
916 3607 979 3677 ope
994 3588 1114 3674 leporis
1130 3591 1216 3659 vitae
