2498 4178
467 457 528 517 Lib.
547 455 595 516 IV.
624 457 791 517 Pandaotss.
1057 455 1101 526 75

149 623 182 685 st
204 617 339 686 subinde
359 639 476 703 apuam
495 619 684 705 baptizabis.
709 640 781 686 cum
797 623 890 685 cocta
902 618 1007 702 fucrit,
1025 638 1100 704 pro·

147 706 226 774 icies
247 708 420 775 fasciculos
444 714 477 775 at
498 709 590 793 piper
612 708 761 793 aspargis
785 713 816 774 et
837 707 967 775 inferas.

217 798 290 862 132.
321 798 473 864 Patina
505 797 553 864 de
584 817 691 881 apua
715 797 806 862 sine
829 816 953 879 apua:
984 796 1100 880 pulpas

148 884 246 969 piscis
277 887 342 952 assi
369 888 423 953 vel
446 886 522 953 elixi
544 886 720 951 minutatim
742 885 845 952 facies
866 886 914 950 ita
936 885 1100 951 abundan-

148 978 197 1040 ter
226 980 261 1039 ut
289 976 434 1058 patinam
464 976 592 1059 qualem
619 975 709 1040 voles
731 974 856 1058 inplere
878 975 990 1056 possit.
1014 980 1100 1040 teres

148 1063 242 1150 piper
273 1069 305 1129 et
326 1064 487 1131 modicum
509 1068 610 1145 rutae,
634 1063 799 1130 suffundas
828 1063 991 1144 liquamen
1014 1061 1101 1145 quod

147 1153 226 1218 satis
254 1152 313 1218 erit
344 1159 376 1219 et
405 1154 467 1220 olei
490 1152 651 1219 modicum
679 1158 711 1218 et
734 1151 913 1218 conmissus
934 1152 969 1217 in
990 1152 1101 1236 patina

148 1261 221 1308 cum
245 1241 361 1325 pulpis,
391 1242 437 1308 sic
469 1247 501 1308 et
529 1261 591 1307 ova
614 1240 713 1307 cruda
736 1239 910 1321 confracta,
941 1246 975 1305 ut
1004 1261 1101 1305 unum

148 1350 263 1414 corpus
286 1330 350 1397 fiat.
375 1330 515 1416 desuper
536 1330 650 1395 leniter
674 1348 838 1412 conponas
865 1329 985 1396 urticas
1007 1328 1100 1394 mari-

147 1438 217 1499 nas,
241 1425 364 1485 utnon
387 1440 458 1485 cum
483 1419 552 1485 ovis
575 1418 780 1485 misceantur.
811 1417 948 1501 inpones
977 1417 1021 1483 ad
1043 1438 1099 1484 va-

133 1526 268 1593 porem,
292 1519 327 1574 ut
349 1528 421 1574 cum
444 1508 514 1575 ovis
536 1507 583 1573 ire
606 1507 731 1593 possint
759 1512 791 1572 et
814 1526 886 1573 cum
908 1506 1102 1574 siccaverint

146 1615 244 1682 super
266 1597 415 1683 aspargis
437 1598 531 1683 piper
553 1596 659 1661 tritum
684 1601 716 1662 et
737 1595 868 1663 inferes.
891 1595 934 1662 ad
956 1616 1102 1662 mensam

146 1705 241 1751 nemo
265 1692 423 1768 agnoscet
447 1685 523 1768 quid
546 1685 728 1750 manducet.

216 1775 288 1839 133.
320 1775 471 1840 Patina
502 1795 551 1841 ex
578 1775 707 1839 lacte:
739 1773 873 1838 nucleos
894 1771 1046 1838 infundes
1070 1778 1102 1839 et

145 1860 253 1933 siccas
285 1883 341 1929 eos
372 1901 416 1912 -
446 1868 595 1930 recentes
622 1862 723 1928 imbre
746 1867 877 1948 paratos
900 1861 1034 1928 habebis
1060 1899 1097 1910 -

144 1950 288 2037 accipies
318 1953 461 2038 patinam
491 1958 525 2018 et
553 1951 586 2016 in
618 1971 658 2016 ea
682 1970 845 2036 conponas
869 1950 997 2033 singula
1018 1947 1102 2015 infra

144 2039 285 2125 scripta:
317 2041 469 2106 mediana
498 2040 675 2106 malvarum
707 2044 738 2105 et
766 2040 911 2104 betarum
934 2044 966 2105 et
988 2057 1101 2124 porros

144 2134 297 2210 maturos,
322 2130 424 2214 apios,
449 2128 542 2194 holus
565 2128 661 2194 mollc
685 2131 717 2192 et
731 2126 845 2191 viridia
862 2127 956 2210 elixa,
979 2127 1100 2212 pullum

146 2222 290 2304 carptum
316 2238 357 2284 cx
383 2217 453 2284 iure
485 2223 620 2298 coctum,
652 2215 813 2282 cerebella
837 2215 931 2297 elixa,
961 2213 1099 2296 lucania,

146 2325 210 2393 ova
233 2305 313 2371 dura
331 2327 390 2393 per
404 2306 545 2372 medium
560 2305 672 2387 incisa,
696 2310 809 2385 mutes,
832 2304 1012 2386 longaones
1028 2322 1100 2390 por·

146 2480 600 2552 similipisciculorumquibusno·
653 2481 702 2536 sit
730 2480 857 2537 codicum
884 2485 928 2536 est
957 2480 1042 2534 liccat
1072 2485 1101 2534 et

146 2569 219 2607 mem
238 2552 383 2620 βεμβράδες
401 2569 450 2608 scu
465 2550 598 2620 βεβρὰδες,
653 2552 713 2605 215.
733 2552 793 2605 266.
814 2583 846 2590 —
870 2552 904 2606 in
922 2551 1053 2620 patina
1065 2553 1102 2619 po

145 2621 326 2690 βαμβραδόνες
344 2630 374 2679 et
391 2621 537 2691 μεμβράδες
561 2623 599 2677 sit
652 2623 687 2677 Η.
712 2622 746 2684 ili
765 2623 843 2677 lina
861 2622 968 2692 reliqui.
995 2652 1028 2662 -
1051 2621 1100 2677 Ῑθ·

146 2693 279 2757 iunctum,
298 2696 375 2764 quod
394 2695 515 2750 edulium
533 2713 598 2759 μεμ-
651 2694 748 2748 viter
771 2694 852 2748 codd.
875 2695 926 2749 ire
946 2693 1020 2749 coire
1037 2693 1100 2748 419.

145 2765 251 2832 flacci»)
271 2765 373 2821 dicitur
391 2782 436 2834 ap.
455 2765 561 2820 Athen.
573 2765 597 2827 7,
652 2764 853 2828 001.12‚4a‚3.
872 2764 1099 2821 bullireHum.
1142 2831 1143 2834 Ἴ

145 2837 188 2890 28.
209 2841 238 2891 et
256 2837 350 2906 Etym.
375 2839 467 2905 Magn.
487 2853 515 2904 p.
536 2835 596 2898 177,
652 2865 684 2874 —
704 2835 763 2889 noli
781 2836 895 2904 iungere
913 2833 1100 2891 inferosad

143 2907 187 2961 30.
214 2937 248 2944 -
274 2923 308 2962 ex
332 2908 413 2962 codd.
438 2906 598 2975 apabab-
651 2921 803 2960 mensam
833 2923 894 2961 cum
923 2905 1043 2962 librariis
1071 2909 1125 2959 et·

143 2976 271 3032 diabis
290 2976 344 3032 feci
369 2994 492 3046 apuam
516 2977 598 3044 bap·
651 2975 816 3030 editoribus.

143 3048 283 3103 tinabis
320 3055 459 3110 βαπτίσας,
496 3046 597 3115 βάψας,
703 3046 741 3100 ad
762 3046 820 3099 133.
856 3045 896 3099 sic
920 3046 980 3099 369.
1012 3045 1099 3099 aedua

142 3123 253 3187 tanges,
279 3119 441 3189 adsperges,
469 3119 597 3173 betraeu-
650 3117 792 3170 laureatus
812 3115 1099 3171 cxlactencmenba-

143 3186 209 3244 feln.
229 3190 310 3243 Ham.
338 3191 381 3245 ed.
409 3206 484 3245 cum
503 3204 598 3258 apua
649 3188 708 3250 bet,
728 3188 793 3256 quia
811 3188 890 3242 isicia
908 3203 944 3242 cx
961 3187 1035 3241 lacte
1049 3202 1099 3254 po·

143 3259 313 3315 elixabis.
649 3259 786 3312 tissimum
795 3257 925 3313 confecta
934 3258 1098 3311 adiciuntur.

196 3330 234 3385 ad
254 3331 314 3385 132.
334 3325 453 3385 artificia
466 3330 596 3384 adultera
649 3359 682 3367 —
703 3329 809 3383 emend.
829 3346 863 3384 ex
885 3329 1099 3396 imprepara-

142 3401 202 3456 eius
237 3400 344 3456 sannae
371 3406 436 3456 sunt
469 3404 596 3455 rosatum
649 3400 768 3455 tosvel
784 3401 1030 3468 inpraepquam
1040 3398 1099 3452 vul-

142 3471 202 3527 sine
219 3487 285 3527 rosa
293 3472 319 3527 4.
332 3472 437 3527 salsum
450 3472 509 3526 sins
519 3472 595 3526 salso
648 3476 744 3539 gaiam
788 3471 854 3525 olim
893 3469 1100 3536 interpretabar

141 3542 205 3598 441.
232 3573 264 3582 -
289 3543 490 3612 adimplere
514 3557 596 3611 pos·
651 3558 723 3606 „non
736 3545 855 3595 tostos“.
874 3541 987 3603 nucleos
1000 3539 1099 3606 pincos

142 3613 194 3669 sis
221 3613 301 3668 Hum.
328 3630 363 3669 ex
382 3613 427 3670 ed.
444 3629 486 3684 pr.
511 3628 595 3683 pos·
649 3626 732 3682 quam
747 3612 952 3666 recentissimos
966 3611 1054 3666 adicit
1062 3611 1099 3666 si·
