2498 4178
148 443 190 508 10
305 507 311 518 ,
550 439 701 498 Praefatio.

145 607 241 684 atque
266 602 329 668 olei
351 604 583 686 absumpserim
599 603 653 668 vix
673 624 788 685 queam
802 603 920 686 dicere,
946 624 1016 670 oum
1033 606 1103 688 plu·

144 709 232 776 rimis
263 709 403 795 undique
433 711 617 794 vulneribus
649 711 817 778 confossus
851 718 936 779 esset
965 713 1103 795 ipsaque

144 816 400 902 interpunctione
425 817 621 884 deformatus
645 825 677 884 et
691 814 935 903 pessumdatus,
967 819 1010 884 de
1034 820 1102 902 qui·

145 925 205 992 bus
229 930 335 990 autem
366 925 444 992 loeis
475 927 679 1008 ambigebam
710 947 814 1008 neque
838 927 998 992 sinceram
1021 927 1104 992 veri-

61 1122 65 1129 ι
145 1035 244 1097 tatem
280 1051 392 1098 eruere
426 1032 566 1116 mihique
602 1034 740 1099 eandem
775 1033 923 1100 incudem
955 1033 1104 1099 tundenti

145 1138 272 1224 penitus
307 1139 493 1206 sadsfaoere
527 1145 684 1223 poteram,
717 1160 773 1207 eos
808 1140 943 1206 aliorum
977 1140 1104 1208 iudiciis

145 1244 357 1331 pensitandos
379 1246 652 1329 castigandosque
672 1247 785 1329 reliqui
813 1247 909 1333 (inter
932 1248 1014 1314 alios
1030 1255 1105 1313 sunt

147 1354 177 1420 3.
200 1354 252 1419 40.
278 1355 330 1419 41.
359 1355 430 1420 126.
460 1356 531 1421 135.
556 1355 628 1422 151.
653 1356 1103 1428 160.119.187.188.189.

147 1459 221 1527 200.
248 1462 321 1527 202.
348 1463 422 1528 206.
450 1463 524 1528 207.
550 1464 624 1528 211.
651 1464 725 1528 221.
748 1463 823 1529 236.
843 1464 916 1529 239.
934 1463 1007 1528 245.
1027 1464 1102 1530 248.

148 1569 222 1636 249.
248 1570 322 1635 252.
349 1571 424 1636 255.
449 1572 523 1636 268.
551 1570 624 1636 271.
650 1572 725 1637 287.
747 1571 820 1636 294.
841 1570 915 1636 295.
934 1571 1007 1637 303.
1026 1571 1102 1636 359.

148 1677 223 1744 386.
256 1677 330 1744 406.
364 1676 456 1764 442.)
484 1684 581 1759 utque
611 1677 645 1742 in
675 1698 798 1743 summa
822 1677 927 1744 dicam
951 1682 1104 1758 quantum

148 1784 222 1851 huie
244 1786 325 1851 libro
359 1786 430 1869 opis
453 1786 611 1852 attulerim
643 1785 697 1868 qui
720 1784 859 1851 eandida
882 1791 989 1850 mente
1013 1790 1045 1850 et
1068 1785 1104 1851 li·

145 1910 224 1958 vore
247 1900 384 1975 purgata
407 1892 511 1976 ipsum
532 1893 657 1958 curiose
673 1893 860 1959 lectitabunt
883 1890 1104 1975 1111111111-

147 1998 235 2065 ribus
268 2000 503 2085 exemplaribus
534 2000 700 2066 conferent
729 1996 1103 2081 1111111111111111111111.
1215 2000 1219 2007 “

146 2125 188 2171 ex
212 2106 385 2172 lectionum
409 2109 567 2172 variarum
592 2104 1102 2190 11111111111111,1111111111·

144 2212 314 2297 ratissime,
346 2235 440 2296 quam
473 2216 606 2297 turpiter
637 2213 815 2297 depravata
838 2213 881 2278 ad
905 2232 965 2279 nos
989 2231 1102 2296 perve-

144 2321 248 2388 nerint
276 2342 316 2388 ea
344 2328 498 2406 excerpta
528 2322 688 2405 apiciana,
719 2326 838 2402 quauta
866 2321 940 2387 ideo
970 2320 1003 2384 in
1028 2339 1102 2386 oon·

145 2429 296 2496 ieetando
325 2430 454 2495 lieentia
481 2430 638 2512 indulgeri
675 2429 793 2495 debeat
824 2447 984 2509 quamque
1015 2427 1104 2492 nulla

145 2556 222 2620 spes
253 2539 360 2602 omnia
391 2536 574 2618 corrigendi
603 2536 769 2618 affulgeat,
800 2536 974 2600 nonnullae
996 2554 1103 2601 emen·
1166 2528 1167 2531 ’

145 2642 293 2710 dationes
316 2649 390 2711 ante
413 2643 516 2727 pedes
541 2649 639 2725 erant,
663 2646 879 2709 nascebantur
900 2643 991 2707 eitius
1007 2661 1104 2723 quam

146 2751 298 2835 asparagi
321 2757 508 2834 coquuntur,
537 2751 644 2834 plures
677 2749 847 2816 difficulter
877 2755 990 2833 partae
1020 2754 1102 2814 sunt

147 2878 258 2925 omnes
289 2860 378 2923 locos
410 2857 583 2924 emendare
607 2858 691 2922 velle
720 2863 769 2922 est
791 2877 922 2922 arenam
945 2854 1048 2922 metiri
1073 2862 1105 2922 et

144 2966 248 3033 undas
272 2986 448 3032 numerare.
474 2965 529 3030 nbi
552 2985 653 3047 saepe
676 2984 791 3029 sexum
807 2964 892 3028 volvi
909 2964 1105 3044 multumque

144 3074 258 3142 sudavi
283 3075 400 3156 111111,
426 3074 572 3140 omnibus
589 3071 768 3155 unguiculis
785 3071 932 3137 codiourn
948 3069 1105 3134 lectiones

143 3182 240 3248 tenui.
272 3181 305 3245 in
333 3182 451 3246 notulis
481 3181 561 3246 meis
591 3180 736 3246 invenies
769 3179 864 3244 etiam
888 3178 1104 3242 1111111111-

142 3294 250 3358 menta
282 3288 442 3369 quaedam
480 3287 777 3370 interpretationum
809 3292 841 3352 et
878 3285 1105 3350 annotationes

143 3416 248 3479 neque
279 3394 373 3459 nimis
408 3395 524 3458 multas
553 3414 656 3475 neque
687 3395 781 3458 nimis
811 3395 993 3476 longas-
1019 3392 1106 3474 quod

144 3526 208 3571 non
231 3523 312 3590 opus
337 3523 409 3568 1111
434 3522 542 3568 earum
562 3507 611 3568 est
625 3540 668 3551 —
689 3502 804 3584 quibus
819 3521 897 3566 vera
914 3500 1010 3566 lectio
1028 3520 1103 3565 oon·

143 3612 288 3678 stituatur
312 3633 332 3677 a
354 3609 480 3678 mendis
503 3615 687 3693 repurgata,
720 3608 900 3691 singulares
923 3608 1104 3675 locutiones
