2498 4178
142 436 187 507 44
459 432 519 494 Lib.
538 432 572 493 n
609 431 765 507 Saraoptaa

143 598 219 665 dum
248 598 353 664 laeum
379 595 501 663 babent
538 596 580 661 de
610 594 759 675 fasianis,
789 593 865 659 item
894 590 1028 659 tertium
1058 591 1102 657 la·

142 687 342 767 tantundem,
373 705 477 770 aquae
508 684 564 750 VI.
590 684 673 749 mitis
707 688 739 749 et
763 682 806 747 ad
829 699 988 765 vaporem
1016 679 1103 764 ignis

142 796 263 929 pontisb
298 860 471 927 Isieium
494 860 691 946 simplex:
730 857 772 923 ad
795 865 893 922 unum
915 855 1102 940 liquaminis

143 952 346 1020 acetabulum
368 968 473 1031 aquae
496 956 620 1033 septem
643 948 759 1029 mittes,
787 945 950 1011 modicum
975 945 1033 1028 api
1055 944 1100 1009 vi·

142 1039 232 1122 nidis,
263 1039 327 1104 triti
355 1039 477 1123 piperis
508 1039 665 1104 cocleare.
694 1036 818 1102 isieiola
841 1053 1038 1116 concoquas.
1072 1038 1103 1099 et

143 1129 171 1197 si
201 1129 243 1196 ad
274 1134 417 1195 ventrem
449 1127 637 1192 solvendum
669 1125 771 1207 dabis,
803 1121 979 1205 bidrugaro
1008 1121 1102 1225 t'eeoe

144 1217 263 1285 conditi
286 1217 399 1283 addes.

210 1310 263 1378 49.
295 1305 429 1373 Isieia
460 1303 508 1370 da
542 1323 649 1387 pavo
681 1301 816 1386 primum
839 1300 947 1366 locum
978 1297 1103 1368 habent

143 1394 188 1464 ita
203 1397 231 1462 si
253 1395 348 1462 fricta
377 1393 465 1474 fiunt,
497 1398 532 1458 ut
563 1392 679 1459 callum
709 1386 847 1458 vineant.
879 1389 957 1456 item
987 1408 1102 1458 secuu-

144 1592 211 1647 item
229 1604 280 1658 pro
302 1588 421 1658 .,pullis“
436 1587 548 1644 habent
561 1608 613 1627 —·
649 1589 746 1659 quales
770 1593 792 1654 t
812 1588 855 1642 99.
877 1586 1022 1651 babemus.
1045 1602 1101 1646 ma

144 1675 261 1733 aquae
285 1660 340 1719 xl.
366 1661 447 1716 codd.
474 1658 522 1729 qui
546 1676 594 1716 nu·
649 1662 863 1729 diuumpraeter
880 1658 1100 1718 medicumcela

144 1747 237 1787 merus
246 1733 313 1788 item
324 1731 455 1787 confusus
466 1732 524 1786 151,
532 1731 593 1785 334.
649 1734 675 1796 2,
688 1734 730 1787 33.
747 1732 856 1800 „pulvis
869 1747 902 1788 ex
915 1731 977 1787 sees
984 1732 1103 1796 vinias,

145 1802 228 1860 uren
248 1803 374 1871 inscript.
396 1804 456 1857 245.
476 1833 510 1842 -
534 1802 595 1857 mi·
649 1803 871 1866 22.„fexarida¹⁴
885 1803 1104 1865 etb,18,14.0t

144 1874 196 1930 tis
220 1873 236 1927 i.
257 1888 280 1927 e.
300 1875 413 1940 mitigas
432 1873 523 1938 melle,
548 1872 595 1929 de·
651 1875 747 1931 Galen.
761 1890 944 1943 compassae.
957 1873 1058 1938 local,
1075 1874 1101 1930 8.

144 1943 238 2007 triete,
264 1960 320 1999 non
344 1945 430 2000 semel
456 1961 524 2001 corr.
544 1960 596 2014 pro
651 1947 752 2003 dooere
770 1951 921 2017 potueruut
938 1945 1010 2000 Plin.
1030 1945 1101 2001 uu

144 2014 275 2072 mittis.
297 2047 329 2056 -
349 2016 461 2070 codiees
479 2017 597 2085 iungunt
650 2034 677 2086 p.
697 2019 740 2080 62,
760 2022 783 2072 1.
805 2015 886 2081 „faex
905 2022 1020 2084 sapae‘·.
1038 2015 1102 2071 Pai-

145 2087 429 2157 pouesisieium.
650 2089 705 2143 lad.
731 2089 757 2150 2,
785 2090 827 2152 14,
853 2089 876 2142 b.
906 2086 1018 2151 „faeces
1044 2086 1103 2142 vini

198 2158 235 2212 ad
259 2158 302 2213 48.
341 2159 501 2221 coclear,
539 2174 596 2213 co·
651 2159 902 2221 duicis‘·,001um.
932 2161 975 2221 12,
1001 2158 1047 2221 30,
1074 2158 1101 2212 9.

145 2229 274 2293 eleana,
287 2229 595 2286 cocleariumeodd„
651 2229 733 2294 „faex
751 2230 915 2292 vini.boni“,
934 2225 1101 2284 aliorumie·

144 2306 174 2357 et
194 2301 252 2355 103.
274 2301 334 2355 145.
362 2303 497 2357 coclearis
521 2317 596 2356 men·
650 2302 713 2357 aula
737 2317 786 2357 seu
811 2299 901 2357 feuia‘·
927 2300 1027 2368 (restit
1047 2298 1100 2356 Ve-

144 2386 218 2434 sura,
237 2371 308 2426 Plin.
328 2373 372 2434 21,
394 2374 452 2426 172.
466 2403 498 2411 -
519 2388 596 2427 aon·
650 2379 703 2442 get.
723 2373 750 2434 3,
767 2373 812 2436 49,
824 2374 852 2426 2.
871 2387 922 2439 pro
944 2371 1026 2433 sieta,
1049 2369 1101 2425 Pe·

146 2456 282 2510 coques
310 2457 372 2496 eum
401 2458 435 2497 eo
463 2443 522 2499 iure
551 2458 595 2498 ee-
626 2443 764 2510 *iugenio
790 2460 816 2511 p.
843 2442 885 2496 54.
911 2442 954 2497 66.
979 2442 1025 2503 86,
1048 2455 1100 2511 pra

146 2526 214 2581 ques
238 2527 308 2567 eurr.
334 2528 386 2580 pro
413 2513 594 2583 incoques.
650 2513 735 2576 feda),
743 2514 816 2570 unde
835 2515 1005 2569 recentiores
1015 2511 1101 2568 Grae·

144 2581 174 2636 id
196 2597 260 2636 eon
277 2582 343 2637 olim
356 2585 530 2641 scribebatur
549 2600 595 2648 cn,
650 2586 675 2640 ui
694 2587 770 2650 φέκιη
788 2584 922 2647 facerunt,
935 2590 968 2639 ut
983 2582 1101 2638 'hallia-

145 2652 219 2708 unde
236 2653 344 2716 vitium,
362 2654 403 2709 siu
415 2656 519 2723 passim
539 2656 595 2719 „in
649 2670 701 2710 nus
720 2657 766 2723 qui
780 2656 896 2724 exponit
907 2659 1013 2724 τρυγίαν
1025 2655 1100 2704 οἴνου

146 2721 236 2779 feres‘
255 2729 300 2779 est
318 2723 488 2787 „conseruet
509 2757 541 2764 -
565 2727 596 2781 si
649 2730 814 2790 κεκινημένην,
840 2727 975 2781 sinuatam
994 2730 1024 2781 et
1043 2739 1100 2780 ere·

144 2810 196 2865 pro
215 2794 268 2850 sia
287 2810 355 2849 eoru.
376 2796 473 2851 Lister.
490 2827 519 2834 -
542 2812 595 2864 pe·
649 2803 753 2852 matam
772 2797 842 2851 Plin.
864 2797 906 2859 14,
926 2798 986 2849 131.
1004 2795 1099 2858 2333.

145 2881 203 2921 ees
220 2866 250 2934 γζ
263 2866 306 2921 ed.
320 2882 359 2934 pr.
376 2868 427 2934 (sic
439 2867 511 2922 male
525 2883 595 2935 „pe
650 2867 755 2922 Paulus
773 2867 917 2936 Aegineta
936 2867 1038 2932 σφικιη,
1057 2869 1101 2921 est

145 2936 224 2992 aula·
252 2953 298 3006 ap.
324 2937 394 2992 Plin.
420 2937 482 2993 Val.
509 2939 534 3001 2,
552 2938 595 2992 45.
650 2938 779 2992 officinae
804 2944 939 2992 tartarum
957 2942 1053 2992 ustum
1071 2940 1101 2992 et

143 3006 192 3063 fol.
224 3009 283 3063 189.
312 3024 336 3062 a.
366 3015 395 3064 et
422 3012 449 3072 3,
479 3010 520 3064 19.
546 3007 595 3063 iul.
650 3008 827 3071 calcinatum,
843 3007 1100 3077 gebrannterwein·

144 3077 204 3131 194.
230 3079 258 3133 b.
284 3079 328 3133 ad.
351 3079 419 3133 Ald.
438 3079 532 3149 piaula
550 3093 594 3146 ap.
652 3078 963 3140 stein',weinuteinsa1n

144 3147 246 3215 Veget.
266 3150 292 3210 3,
311 3149 355 3201 46.
376 3151 400 3212 1,
422 3151 463 3212 11,
480 3150 505 3203 7.
515 3149 541 3211 5,
551 3149 595 3212 69,
703 3149 739 3203 ad
750 3149 793 3203 49.
813 3149 963 3204 fianted.
978 3163 1019 3217 pr.
1033 3145 1100 3203 fue·

144 3217 297 3283 batalibi)
312 3216 427 3274 faeies
449 3219 594 3273 eod.hum.
654 3219 703 3273 rit
720 3225 767 3283 βπ.
788 3220 925 3275 iuuarint
949 3219 1030 3273 Hum.
1050 3215 1101 3273 sed

143 3288 270 3358 (volebat
288 3286 419 3352 fasces,
438 3305 509 3358 quae
530 3289 595 3343 seri-
651 3288 769 3356 ,fructae
797 3291 937 3346 ablativus
965 3295 1009 3344 est
1036 3287 1100 3344 sub·

142 3359 309 3414 bendiratio
322 3365 457 3427 praestat,
468 3359 594 3414 Hildebr.
649 3360 764 3415 stantivi
783 3362 864 3430 quale
884 3365 927 3416 est
944 3363 1028 3428 pasta
1038 3357 1099 3411 396.

143 3430 180 3484 ad
198 3429 285 3498 Apul.
298 3432 322 3484 1.
341 3429 434 3498 pau.)
454 3445 595 3499 quamve·
648 3431 768 3498 repulsa,
779 3430 960 3500 deprehensa,
976 3430 1099 3491 remissa,

144 3514 203 3553 uem
230 3517 286 3556 non
319 3500 487 3570 intellegens
513 3501 594 3556 Hum.
648 3502 708 3555 ulta
731 3517 775 3569 ap.
803 3502 883 3556 Ovid.
908 3517 959 3569 pro
984 3501 1099 3563 uitione,

62 3612 64 3617 .
144 3569 227 3624 offert
277 3573 376 3628 sales
422 3573 595 3631 conditos
649 3569 1098 3644 expositaincodieeTheudua
