2498 4178
528 446 680 503 Praefatio.
1039 448 1079 512 13

121 611 245 696 pathia,
269 608 476 690 gastrologia,
501 606 717 689 gastronomia
747 611 897 671 veterum.
928 605 1012 671 inter
1034 613 1079 672 ta·

122 720 167 783 lia
189 712 240 785 Tu
263 735 304 781 ex
328 734 378 779 me
403 714 555 795 quaesisti
579 712 655 794 quid
680 733 719 777 ex
742 713 856 795 Apicio
877 733 948 778 eam
964 713 997 777 in
1010 733 1078 779 rem

122 826 319 889 lucraremur
342 821 452 902 sicque
475 840 526 885 me
550 819 691 884 medium
714 819 852 884 tenuisti,
876 821 992 885 rubore
1008 840 1079 903 pcr-

123 930 214 996 lusus
236 929 332 995 balbe
362 926 564 1010 pronuntiavi
587 926 755 1011 scripsisse
778 945 849 991 eum
874 925 915 991 de
939 927 1080 1009 opsoniis

126 1043 158 1104 ct
182 1033 402 1114 condimentis,
428 1033 486 1098 scd
510 1032 614 1097 adhuc
639 1053 680 1097 ne
700 1051 795 1095 unum
812 1032 941 1112 quidem
957 1054 1009 1098 me
1026 1054 1080 1099 ex·
1177 1091 1179 1096 .

58 1188 62 1193 -
125 1143 267 1226 emplum
297 1139 418 1205 vidisse
436 1145 542 1222 atque
565 1139 651 1203 illico
674 1139 842 1221 pigneravi
866 1138 1007 1203 edulium
1029 1159 1081 1223 sy·

126 1267 317 1315 racusanum
341 1244 427 1331 quod
450 1245 569 1310 dudum
584 1245 732 1310 illexerat
751 1245 860 1310 oculos
876 1245 918 1309 ad
935 1246 1081 1331 Apicium

128 1353 348 1423 coemendum.
381 1351 518 1417 omnium
550 1350 799 1433 antiquariorum
835 1352 991 1434 catalogis
1025 1372 1084 1438 per

127 1463 236 1551 plures
259 1480 388 1526 menses
410 1458 610 1542 perlustratis
633 1458 763 1523 tandem
786 1459 919 1524 sublatis
938 1459 1083 1526 manibus

129 1569 201 1656 cepi
225 1566 397 1634 editionem
420 1565 535 1630 Listeri
565 1564 739 1631 secundam
762 1584 845 1646 quae
868 1565 988 1649 prodiit
1009 1567 1083 1631 Am·
1129 1578 1134 1587 '

128 1674 299 1743 stelodami
332 1673 426 1739 1709.
458 1673 490 1736 in
522 1673 612 1738 coelo
643 1671 698 1753 fui,
731 1671 893 1753 devoravi,
926 1673 1083 1739 somniavi

131 1801 269 1866 coquum
292 1786 324 1846 ct
347 1780 492 1846 culinam.
518 1785 551 1843 at
573 1778 682 1862 primis
706 1777 819 1844 diebus
834 1779 901 1844 vidi
917 1778 968 1844 hic
982 1781 1083 1848 rarius

131 1887 272 1956 conchas
294 1886 452 1969 legendas
483 1894 515 1953 et
545 1906 656 1951 verum
682 1906 753 1952 esse
785 1888 838 1969 qui
860 1889 974 1954 nucleo
998 1890 1087 1956 vesci

131 1995 210 2063 velit
240 1995 271 2062 ei
299 1993 513 2074 frangendam
541 2012 655 2058 nucem
687 1998 719 2058 et
749 1995 870 2059 solatus
900 1995 954 2060 illo
985 1995 1088 2061 ardua

133 2120 206 2169 esse
229 2121 313 2183 quae
336 2101 471 2182 egregia
495 2099 590 2165 etiam
613 2099 680 2163 vidi
710 2121 761 2164 me
786 2121 850 2165 non
873 2101 943 2166 fore
966 2103 1087 2169 stultio-

67 2284 73 2301 .
132 2228 201 2275 rem
232 2226 327 2289 quam
357 2205 551 2287 Meletidem,
583 2207 610 2270 si
642 2206 755 2289 Apicio
786 2207 901 2273 misere
938 2209 1088 2290 neglecto

134 2313 253 2379 auxilio
283 2312 427 2378 venirem
457 2319 531 2398 post
560 2318 608 2377 tot
636 2316 776 2376 virorum
803 2313 946 2377 remedia
970 2320 1001 2379 et
1024 2320 1090 2380 tam

135 2418 190 2485 diu
225 2418 385 2485 oblivione
420 2420 578 2501 sepultum
613 2419 853 2500 resuscitarem,
889 2421 1093 2485 resuscitavit

137 2525 221 2593 enim
243 2544 445 2606 nequaquam
468 2526 659 2590 novissimus
691 2524 793 2589 editor
815 2527 979 2591 Bernhold
1004 2527 1091 2593 cuius

136 2651 255 2697 nomen
277 2636 387 2696 tacme
410 2632 522 2696 melius
555 2638 612 2696 est.
645 2632 801 2697 commovi
825 2633 921 2713 igitur
944 2653 1038 2700 saera
1062 2640 1093 2700 et

137 2737 223 2822 quod
245 2738 320 2802 volo
344 2743 490 2802 sanctum
513 2745 563 2802 est
588 2745 620 2803 et
643 2759 768 2804 omnem
791 2739 876 2803 movi
892 2740 1033 2823 lapidem
1052 2762 1093 2807 ne

138 2844 288 2911 caderem
301 2843 335 2907 in
350 2863 454 2924 cursu,
473 2843 532 2909 sed
550 2864 681 2928 scopum
698 2845 888 2927 attingerem
904 2867 975 2911 meo
991 2848 1093 2912 Marte

136 2970 308 3035 peragens.
324 2948 379 3013 diu
391 2969 504 3032 agrum
521 2952 662 3018 sterilem
678 2953 762 3017 colui
774 2959 806 3018 et
820 2954 962 3035 lapidem
977 2954 1093 3018 elixavi

138 3063 171 3125 ct
192 3057 297 3122 undas
328 3058 501 3121 numeravi.
529 3059 632 3140 magis
662 3059 812 3123 secundis
836 3060 915 3123 velis
939 3060 1095 3143 navigare

138 3169 285 3248 poteram
310 3185 351 3230 ex
375 3183 437 3246 quo
462 3176 573 3230 nactus
597 3186 666 3247 sum
690 3165 862 3232 editionem
878 3169 1017 3233 omnium
1040 3189 1094 3234 an·

138 3271 350 3353 liquissimam
380 3271 569 3353 impressam
599 3272 742 3337 Venetiis
773 3293 831 3356 per
865 3274 1096 3340 Bernardinum

141 3376 300 3443 Venatum
324 3377 393 3443 sine
413 3397 509 3460 anno,
534 3385 583 3444 est
606 3379 689 3443 enim
708 3379 829 3445 vicaria
847 3381 966 3447 codicis
986 3382 1095 3448 nescio

141 3487 231 3566 cuius
254 3505 448 3570 quamquam
471 3505 536 3550 non
558 3485 730 3549 admodum
756 3487 839 3551 boni.
874 3507 914 3552 ex
945 3508 984 3552 ea
1006 3508 1096 3555 rccu-

141 3611 211 3669 sam
228 3612 315 3663 csse
345 3613 429 3677 quae
459 3592 579 3678 prodiit
608 3592 783 3659 Mediolani
821 3613 879 3682 per
910 3595 1097 3680 magistrum
