2498 4178
454 410 516 472 Lib.
534 413 581 472 IV.
619 414 783 474 Pandantes.
1053 419 1094 486 87

215 575 284 642 158.
307 573 473 662 ,Sardas
492 576 552 643 sic
572 575 726 643 facies:
750 582 834 644 teres
850 577 952 666 piper,
968 578 1097 662 ligistici

143 683 265 745 semen,
290 665 468 747 origanum,
492 685 607 749 cepam
627 665 755 748 siccam,
780 686 912 733 ovorum
935 675 1097 735 coctorum

143 752 263 835 vitella,
287 759 424 836 acetum,
457 755 570 821 oleum.
602 753 683 821 haec
706 754 739 820 in
762 773 858 822 unum
880 762 1041 841 temperas
1065 763 1098 826 et

141 840 328 926 perfundes.

215 931 287 1013 159,
311 931 392 996 Item
415 930 559 1014 pisces
581 931 620 996 in
643 931 860 1014 eleogaro:
885 933 1097 1018 aorudopie

145 1039 200 1086 ces
224 1038 303 1103 quos
326 1018 466 1084 volueris
489 1020 590 1101 lavas,
622 1019 776 1104 conponis
799 1019 831 1084 in
855 1021 973 1105 patina,
1001 1021 1098 1088 mittis

144 1109 260 1190 oleum,
284 1108 457 1191 liquamen,
481 1108 598 1189 vinum,
622 1107 794 1174 fasciculos
817 1109 904 1192 porri
924 1116 957 1175 et
976 1111 1097 1177 corian-

145 1195 204 1263 dri.
237 1196 391 1280 coquitur.
424 1202 508 1262 teres
539 1196 641 1281 piper,
671 1197 848 1280 origanum,
870 1196 1043 1280 ligisticum
1067 1205 1099 1266 et

144 1285 316 1353 fasciculos
332 1304 411 1366 quos
430 1285 555 1351 elixasti
578 1294 665 1351 teres
689 1291 720 1351 et
742 1284 907 1352 suffundes
929 1286 1098 1371 inpensam

145 1374 187 1442 de
212 1374 330 1462 patina.
355 1372 436 1440 facis
460 1381 493 1440 ut
516 1374 646 1457 obliget.
676 1393 748 1439 cum
771 1375 854 1443 bene
877 1375 1023 1459 tenuerit,
1051 1375 1098 1461 pi-

143 1483 223 1548 pere
246 1482 380 1547 asparso
404 1460 533 1529 inferes.

213 1553 287 1618 160.
310 1551 464 1617 Mullcs
487 1557 692 1631 enecatos
716 1549 898 1617 sicfacies:
923 1551 1098 1638 radespis-

147 1661 212 1722 ces,
236 1639 370 1721 lavabis,
394 1638 425 1704 in
449 1640 561 1723 patina
584 1659 758 1723 conpones,
782 1639 904 1706 adicies
925 1641 1040 1723 oleum,
1064 1640 1099 1706 li·

145 1749 295 1811 quamen,
319 1728 436 1808 vinum,
467 1727 638 1794 fasciculos
665 1727 752 1812 porri
776 1734 807 1794 et
830 1728 999 1812 coriandri,
1030 1729 1099 1794 mit

146 1824 196 1885 tes
219 1824 254 1882 ut
277 1822 439 1899 coquatur.
468 1817 589 1883 adicies
612 1817 706 1900 piper
727 1816 761 1880 in
784 1817 977 1900 mortarium,
1005 1817 1099 1884 frica-

147 1905 206 1987 cis,
232 1906 353 1972 adicies
377 1906 480 1970 oleum
506 1912 537 1971 et
559 1911 650 1989 parte
674 1904 768 1986 aceti,
792 1905 877 1987 vino,
901 1926 998 1993 passo
1022 1912 1099 1973 tem-

147 1994 287 2079 perabis.
321 1993 450 2060 traicies
485 1993 518 2059 in
554 1994 737 2074 caccabum,
773 1993 866 2077 ponis
900 1999 934 2059 ut
966 1994 1099 2062 ferveat.

144 2084 250 2150 amolo
281 2081 439 2165 obligabis
468 2085 500 2148 51
528 2083 670 2167 patinam
693 2081 827 2166 piscium
850 2082 1025 2165 perfundis.
1053 2083 1099 2148 in-

144 2192 243 2256 super
264 2171 358 2256 piper
381 2171 538 2255 aspargis.

106 2289 108 2292 ’
204 2295 318 2350 55158.
340 2299 516 2349 cottornm
536 2293 597 2349 cod.
654 2299 711 2348 tos
730 2298 774 2347 est
792 2293 957 2348 submersos.
976 2294 1035 2348 iure
1055 2308 1101 2349 co·

145 2367 190 2423 sic
215 2371 335 2421 coctana
360 2371 389 2420 et
414 2370 528 2419 cottana
551 2381 598 2420 va·
652 2368 749 2432 pertos
778 2364 836 2417 162.
865 2364 956 2432 pisces
983 2363 1041 2418 scil.
1072 2364 1100 2418 in

145 2437 221 2492 rianl
240 2438 281 2492 51.
652 2435 748 2503 patina
773 2451 808 2489 cx
825 2435 884 2489 iure
903 2436 977 2490 cocti
994 2435 1053 2490 iure
1072 2435 1100 2489 in

199 2507 237 2562 ad
257 2508 318 2560 159.
353 2508 387 2562 (15
407 2507 536 2561 lemmate
561 2505 598 2560 ad
653 2504 774 2560 caccabo
794 2510 876 2560 coeto
888 2505 978 2562 altero
990 2503 1100 2576 perfun·

147 2580 208 2634 157.
235 2577 347 2632 crudo
367 2594 471 2633 cruore.
499 2579 598 2644 inpe-
652 2576 761 2631 duntur.
782 2576 818 2631 (15
837 2593 870 2631 55
895 2577 1003 2632 mediae
1024 2582 1101 2632 aeta-

145 2666 187 2706 sa
205 2649 267 2704 cod.
281 2646 401 2703 fortasse
417 2655 460 2704 est
472 2650 506 2702 in
520 2663 597 2716 pen·
652 2647 689 2701 tis
709 2647 795 2702 verbo
814 2664 848 2702 ex
869 2651 1016 2713 ,enecarc“
1037 2653 1100 2703 orto

145 2736 228 2784 sam,
247 2726 278 2773 ut
297 2725 394 2774 noster
412 2719 597 2775 (1151125215
653 2716 687 2772 of.
716 2717 851 2788 Ducange
878 2719 898 2772 I.
928 2735 955 2787 p.
985 2719 1044 2774 252.
1072 2719 1101 2773 15

146 2805 274 2861 aequam,
298 2789 335 2844 ad
353 2805 471 2859 aequam
490 2789 532 2843 54.
558 2789 598 2843 sic
652 2803 784 2858 anegare,
807 2789 876 2844 Diez
899 2789 953 2845 lex.
980 2789 1006 2843 d.
1032 2806 1099 2845 rom.

98 2925 106 2934 ⁸
146 2875 286 2937 perpensa
306 2875 372 2915 cura
385 2861 413 2914 in
428 2858 598 2916 0552555-
652 2875 707 2927 spr.
731 2875 758 2927 p.
784 2860 844 2913 237.
870 2860 898 2914 15
924 2875 1034 2930 negare.
1066 2889 1100 2900 -

147 2933 208 2988 dos.
235 2946 373 3000 perpensa
395 2931 598 2987 deliberatione
652 2929 798 2984 lababis
826 2930 860 2982 in
887 2931 1042 2998 patinam
1071 2946 1099 2984 c.

148 3002 354 3072 ap.'Ammian.
374 3003 417 3065 22,
437 3004 462 3063 9,
482 3004 506 3055 2.
532 3017 598 3069 pen·
653 2999 716 3054 eod.
742 3004 771 3054 et
795 3000 880 3053 vinu
901 3030 932 3038 —
959 3000 992 3053 iu
1011 3015 1100 3054 mor-

146 3073 504 3133 siculate,iustoexamiue.
522 3071 599 3140 qnod
654 3071 748 3125 tario
777 3067 859 3124 free.
889 3101 921 3111 —
948 3070 1100 3124 traicies

145 3145 170 3199 si
188 3159 292 3207 verum,
320 3143 362 3198 de
386 3142 531 3211 patella
555 3147 598 3197 est
653 3143 685 3195 in
704 3140 805 3194 cabo.
826 3171 858 3177 —
883 3146 988 3210 parte
1007 3141 1100 3196 aceti

146 3212 597 3285 quodirrsdesuosibi161.14'l.
651 3213 669 3266 i.
689 3228 715 3281 q.
740 3217 822 3266 aceto
847 3211 957 3267 modico
978 3212 1036 3265 174.
1065 3209 1100 3267 51.

144 3316 178 3323 -
197 3283 375 3341 inferebis
400 3285 460 3340 cod.
489 3316 520 3322 -
545 3289 597 3337 15-
652 3283 711 3337 297.
732 3282 852 3336 conicias
871 3283 1100 3350 partemutin-

145 3357 264 3412 nuerit
284 3355 343 3408 147.
651 3354 803 3423 tellegatur
823 3353 936 3411 ὄξέλαιον
952 3369 1032 3422 equo
1043 3352 1100 3408 edi-

198 3427 236 3481 ad
256 3426 315 3480 160.
343 3431 515 3480 arietatos
535 3425 596 3478 cod.
652 3430 697 3478 tur
723 3424 798 3491 apud
828 3425 964 3478 medicum
995 3439 1100 3493 anony-

145 3503 230 3553 55515
265 3513 321 3552 555
350 3495 477 3550 adhibito
506 3494 597 3550 locum
651 3511 724 3549 mum
744 3494 845 3549 Ideleri
863 3494 972 3566 Physio.
993 3494 1100 3551 min.11

147 3584 204 3624 nou
228 3567 323 3624 habet.
355 3582 445 3624 meum
470 3581 597 3623 aocca-
650 3583 677 3636 p.
697 3565 758 3630 261,
778 3566 802 3619 9.
843 3634 845 3637 Υ
