2498 4178
174 350 217 430 24
322 343 326 349 ¹
569 363 722 422 Praefatio.

172 520 388 608 roccambole,
421 526 792 609 schlangenlmoblauch.
824 527 863 592 cf.
897 529 1060 613 Sprengel
1091 530 1138 598 ad

173 633 379 721 Theophrast
405 635 436 716 7,
451 635 483 715 4,
500 636 529 698 7.
545 654 576 720 p.
595 634 668 698 259.
697 634 881 720 ,1111111111ιι
900 637 1136 724 estapirinum,

174 742 354 825 apyrinnm,
378 741 485 806 vinum
509 760 528 806 e
550 739 643 805 malis
662 741 785 823 punicis
805 761 889 825 quac
909 744 1041 810 nucleos
1062 746 1135 810 nul·
1171 823 1173 827 Ι

170 848 220 914 los
249 848 269 914 i.
295 868 313 914 e
346 848 450 914 minus
473 849 616 930 lignosos
640 847 769 929 habent,
798 848 960 936 Theophr.
984 852 1015 932 2,
1040 853 1075 934 2,
1100 855 1133 919 5.

170 957 205 1038 4,
231 957 282 1036 13,
307 957 337 1022 2.
362 955 483 1021 Colum.
508 956 539 1035 5,
566 956 617 1035 10,
646 954 694 1019 15.
720 954 762 1020 de
786 957 881 1021 arbor
912 958 965 1038 23,
993 959 1019 1022 1.
1046 959 1132 1025 Plin.

175 1064 227 1146 13,
255 1063 326 1128 112.
352 1062 468 1130 Senec.
493 1083 534 1146 ep
569 1060 622 1143 85,
647 1063 676 1126 5.
702 1061 878 1148 Geoponio.
907 1065 956 1144 10,
978 1066 1030 1128 31.
1057 1065 1131 1132 Sal·

172 1190 250 1239 mas.
275 1171 349 1255 Hyl.
374 1169 474 1235 istric.
496 1189 526 1253 p.
549 1191 588 1235 m.
607 1170 684 1235 200.
709 1189 729 1233 a
752 1170 786 1234 B.
812 1168 855 1234 ad
878 1172 987 1236 tertias
1012 1170 1131 1239 decoc-

171 1285 249 1358 tum,
267 1275 379 1370 ῥοΐτης
391 1276 486 1342 Plinii
507 1277 558 1359 14,
577 1278 647 1342 103.
666 1275 775 1342 Diosc.
790 1277 821 1356 5,
839 1277 890 1341 34.
913 1278 984 1343 6011.
1004 1280 1034 1360 1,
1054 1281 1130 1348 151.

170 1392 205 1450 ut
238 1406 256 1451 6
287 1384 379 1449 malis
408 1383 563 1467 cydoneis
594 1383 692 1449 fiebat
713 1380 898 1470 κυδωνίτης,
920 1377 1133 1469 κυδωνόμελι,
1180 1428 1189 1445 1

173 1490 341 1558 defrictum
372 1491 414 1557 de
446 1490 787 1573 1110111111111131.
817 1491 857 1556 cf,
883 1492 1062 1559 Schneider
1086 1495 1132 1562 ad

170 1598 294 1665 Pallad.
322 1600 374 1679 11,
398 1599 451 1664 20.
482 1598 689 1682 emplastrum
719 1617 761 1663 ex
790 1617 934 1681 apyreno
959 1619 1010 1683 ap.
1035 1601 1131 1669 Paul.

173 1705 287 1789 Aegin,
314 1707 345 1787 7,
373 1708 422 1771 17.
446 1724 565 1770 nomen
587 1703 687 1770 habet
709 1725 729 1768 a
747 1705 895 1787 palmulis
916 1726 974 1772 seu
989 1706 1131 1791 dactylis

171 1811 306 1878 nicolaio
322 1817 354 1878 et
370 1812 498 1899 palmae
512 1811 682 1878 cerebello.
709 1831 767 1895 „ac
779 1811 918 1876 midula“
938 1832 1009 1878 esse
1025 1815 1129 1898 amig-

135 1944 148 1991 1
172 1919 248 1985 dala
268 1918 477 1985 certissimum
501 1916 744 1984 6111111153.
784 1917 869 1983 ¹Oum
892 1918 941 1983 his
965 1923 1129 2006 excerptis

170 2027 285 2110 iunges
308 2025 389 2092 haec
413 2025 563 2091 Salmasii
582 2024 720 2090 Exercit.
745 2044 777 2107 p.
795 2025 906 2091 9001
938 2027 1008 2109 „De
1032 2028 1128 2092 semi·

73 2116 76 2121 ’
168 2136 262 2202 nibus
286 2134 366 2201 hoc:
391 2153 545 2219 papaver,
570 2152 680 2198 semen
693 2136 795 2213 rutae,
819 2133 902 2198 baca
919 2139 1019 2216 rutae,
1043 2135 1128 2203 baca

151 2243 260 2335 lauri,
285 2263 395 2310 semen
416 2241 513 2323 aneti,
537 2258 647 2305 semen
663 2237 824 2320 foeniculi,
849 2257 959 2304 semen
975 2239 1126 2325 ligustici,

170 2369 283 2415 semen
306 2369 434 2429 erucae,
459 2367 570 2413 semen
593 2343 771 2411 coriandri“
799 2350 831 2411 et
847 2366 878 2431 p.
898 2345 971 2412 750.
999 2348 1126 2431 ,brevis

168 2455 381 2542 pimentorum
411 2475 494 2538 quae
524 2453 558 2519 in
588 2453 683 2518 domo
716 2472 787 2519 esse
818 2453 994 2520 debentur
1017 2456 1125 2520 condi-

171 2567 278 2627 mento
302 2561 379 2644 nihjl
408 2560 508 2627 desit:
541 2580 678 2642 crocum,
709 2559 812 2644 piper,
843 2560 995 2643 mugitor,
1026 2563 1125 2644 lasar,

169 2665 291 2750 folium,
324 2669 407 2735 baca
435 2667 592 2750 murrhae,
625 2674 757 2748 costum,
789 2667 999 2751 cariofyllum,
1034 2671 1126 2754 spica

171 2773 287 2855 indica,
313 2774 451 2857 addena,
473 2776 721 2854 cardamomum,
734 2774 962 2857 spicanardi“,
986 2776 1039 2841 ubi
1057 2776 1124 2842 viro

171 2879 266 2947 docto
286 2882 425 2947 maxime
448 2881 561 2946 mirum
591 2880 717 2946 videtur
739 2881 862 2964 spicam
890 2882 982 2946 nardi
1007 2889 1039 2950 et
1060 2884 1124 2969 spi·

172 3008 244 3052 cam
266 2988 406 3054 indicam
430 2991 527 3054 veluti
545 2989 689 3054 diversas
702 2989 874 3069 recenseri,
898 3009 997 3073 quare
1012 2990 1125 3072 reponi

171 3095 239 3160 vult
262 3094 385 3160 celtica.
417 3094 494 3179 quid
522 3095 563 3160 sit
592 3094 723 3160 addcna
752 3114 804 3159 mc
827 3096 914 3161 latet.
939 3095 1017 3160 haut
1040 3096 1124 3160 enim

171 3200 362 3267 crediderim
385 3199 557 3281 legendum
586 3221 659 3266 6116
681 3199 805 3264 adorea
826 3202 878 3266 vel
900 3207 990 3267 atera
1012 3202 1124 3269 athera

165 3297 287 3396 α’θήρα,
303 3298 412 3395 &dopo
428 3307 572 3375 Dioscor.
586 3309 695 3388 2,-114
718 3306 758 3373 al.
772 3306 855 3375 forte
868 3310 956 3374 casia
967 3330 992 3375 s.
1007 3310 1122 3376 cassia.

233 3415 314 3480 Huic
337 3414 480 3498 praemio
503 3434 568 3479 non
590 3414 693 3480 minus
712 3415 864 3480 addidisti
879 3421 954 3481 ante
971 3416 1051 3482 duos
1067 3437 1122 3481 an-

165 3540 225 3585 nos
256 3522 401 3589 codicem
424 3521 625 3589 florentinum
648 3522 797 3613 (111120
831 3523 910 3608 plut.
933 3524 985 3589 73.
1010 3524 1125 3602 biblio·
