2498 4178
474 472 535 532 Lib.
553 475 602 533 111.
639 464 780 550 Oepuros¹
1056 484 1100 550 53

149 641 242 701 nutas
274 639 306 700 et
327 655 440 717 porros
463 639 623 719 requietus
648 639 792 722 elixabis,
820 642 852 706 in
883 648 1002 726 patena
1025 666 1099 711 con·

147 745 259 809 pones.
292 733 376 793 teres
407 729 509 812 piper,
541 730 699 813 ciminum,
731 732 895 797 suffundas
928 733 1099 817 liquamen,

148 835 289 899 passum,
313 821 347 879 ut
370 818 529 897 quaedam
553 818 689 885 dulcedo
713 821 761 885 sit.
785 820 886 886 facias
910 827 944 886 ut
966 821 1099 905 ferveat,

149 924 220 968 eum
244 904 404 985 fervuerit,
428 906 557 973 inferes.
582 909 726 975 similiter
747 905 1001 992 polipodium'in
1019 911 1100 995 repr,

148 992 222 1058 dam
253 994 368 1074 mittes,
400 995 453 1060 ubi
476 996 632 1077 mollierit,
663 996 758 1062 rades
790 1003 821 1062 et
843 998 994 1063 minutum
1030 1021 1101 1065 cum

147 1089 260 1172 pipere
285 1091 317 1151 et
340 1083 455 1148 cimino
477 1086 584 1155 tritum
606 1085 639 1148 in
662 1092 813 1169 patenam
837 1084 1012 1154 ferventem
1032 1089 1100 1161 mit-

147 1184 196 1244 tes
222 1184 254 1242 et
277 1175 382 1242 uteris.

216 1269 267 1332 63.
292 1263 393 1330 Aliter
408 1262 452 1327 ad
470 1273 632 1328 ventrem:
655 1262 765 1330 faeces
784 1263 981 1329 betaciorum
1000 1264 1101 1331 facies

149 1356 284 1438 detergi,
308 1373 349 1418 ne
372 1353 472 1431 laves,
496 1352 528 1415 in
553 1371 609 1416 eos
631 1352 665 1417 in
687 1351 827 1418 medium
845 1352 971 1434 nigrum
990 1373 1100 1437 aspar-

148 1464 207 1527 ges
239 1452 271 1511 et
301 1441 428 1523 alligas,
461 1441 603 1522 singulos
633 1440 740 1506 fasces
769 1441 885 1522 mittas,
908 1441 942 1505 in
964 1456 1102 1524 aequam

150 1554 220 1600 cum
244 1532 380 1612 coxeris,
406 1529 537 1596 condies
561 1535 723 1612 patenam,
748 1549 818 1595 cum
838 1529 952 1596 eadem
972 1550 1102 1614 passum

149 1728 244 1783 mittes
265 1734 294 1783 et
313 1733 408 1784 coctas
428 1744 489 1784 cum
508 1743 542 1783 eo
560 1728 601 1783 in·
709 1727 746 1781 ad
765 1727 807 1783 63.
836 1725 911 1780 Tota
935 1727 1102 1811 conpositio

148 1798 229 1855 feres.
257 1801 298 1854 sic
319 1801 359 1854 73.
388 1803 548 1871 cucurbitae
573 1801 601 1855 in
656 1797 736 1853 deest
754 1799 783 1858 in
801 1797 844 1852 sd.
865 1812 905 1864 pr.
930 1797 1029 1867 addita
1046 1799 1102 1856 iarn

148 1872 245 1940 patina
265 1871 426 1926 inferuntur.
447 1873 544 1941 quales
559 1870 601 1927 di·
655 1870 691 1924 ab
710 1871 792 1929 Hum.
812 1869 889 1924 cuius
901 1869 1043 1928 inventum
1056 1867 1103 1922 ia-

150 1947 215 1995 cunt
242 1943 410 2010 patinarias,
438 1944 600 2007 iurulentae,
655 1943 728 1996 cies
765 1943 991 1997 betaoeornm
1032 1938 1102 1999 ias·

150 2012 251 2068 Graeci
275 2012 303 2063 ir
327 2012 435 2080 τηγάνῳ,
461 2013 489 2065 ἓν
508 2013 601 2065 λοπάδι
655 2027 719 2076 ecs,
739 2013 920 2079 deterges,
937 2011 1047 2074 laves,
1066 2011 1102 2065 in

149 2085 330 2148 σκευαζομένας
358 2115 391 2124 -
419 2087 547 2154 patina
572 2092 601 2142 et

147 2159 284 2223 patena
309 2171 324 2208 e
342 2156 421 2209 varia
439 2159 600 2226 pronuntia-

149 2225 228 2280 tione
247 2226 384 2289 rcribitun
404 2233 433 2282 et
451 2229 485 2282 63
506 2230 540 2282 72
554 2245 598 2297 ap.

152 2296 258 2350 Colum.
281 2297 322 2358 12,
333 2295 377 2358 44,
386 2299 411 2351 3.
432 2298 466 2353 cf.
480 2299 598 2354 Phaedr.

149 2366 193 2427 26,
212 2365 236 2418 4.
266 2367 313 2421 ubi
332 2368 431 2435 vulpes
449 2371 477 2423 in
495 2376 599 2438 patena

150 2437 284 2504 liquidam
304 2439 399 2505 posuit
408 2440 597 2496 sorbitionem.

149 2512 181 2561 ut
199 2512 298 2574 patera
316 2524 417 2564 nomen
428 2511 599 2581 habetapa·

149 2578 273 2632 tentibus
294 2579 486 2650 dispansisque
511 2583 598 2637 labris

149 2653 178 2702 et
198 2647 231 2701 cf,
252 2647 359 2713 πατᾰνη.
382 2681 414 2690 -
443 2669 494 2720 pro
518 2654 597 2708 dul·

146 2719 235 2774 cedo
254 2720 282 2773 in
301 2720 390 2775 tribus
410 2723 491 2777 codd.
512 2729 541 2778 et
553 2725 596 2779 ed.

144 2806 185 2857 pr.
218 2791 386 2846 ducenda.
416 2823 449 2830 -
474 2795 595 2863 intep.

144 2859 274 2915 mittes
293 2861 390 2929 tepida
408 2878 483 2931 aqua
501 2866 597 2920 made-

145 2929 241 2992 facias,
267 2931 338 2986 Plin.
365 2933 408 3004 26,
434 2934 476 2988 58.
502 2951 517 2988 e
540 2952 595 3004 quo

145 3006 226 3068 patet
256 3002 422 3067 „minutum“
459 3020 519 3059 curn
547 3022 596 3060 no-

144 3073 218 3125 mine
231 3072 445 3142 „polypodium“
460 3091 521 3130 esse
536 3076 595 3129 iun-

143 3143 272 3209 gendum.
287 3174 319 3180 —
337 3143 502 3199 ciminum
512 3146 594 3201 codd.

145 3241 172 3248 -
203 3212 235 3264 in
264 3218 427 3280 patenam
452 3217 480 3268 in
504 3217 595 3283 ipsum

144 3280 278 3336 ferculum
298 3299 318 3337 s,
340 3284 430 3338 cibum
446 3287 473 3338 in
491 3293 595 3354 patena

144 3358 262 3415 coctum,
290 3353 509 3423 pfannegericht.
537 3373 593 3410 non

142 3423 232 3477 minus
252 3438 336 3492 saepe
354 3441 450 3479 mensa
468 3427 592 3495 ipsopro

142 3493 237 3548 edulio
262 3501 305 3548 est
329 3501 358 3549 et
376 3495 495 3564 τράπεζ.
532 3497 592 3555 1³11·

142 3563 179 3616 ad
197 3563 320 3619 Macrob.
340 3572 392 3619 sat.
410 3567 469 3630 7,1,
482 3569 504 3619 1.
534 3566 592 3621 Sei-

141 3633 183 3693 ler
201 3633 240 3688 ad
260 3636 349 3710 Long.
367 3637 393 3702 3,
406 3636 433 3697 7.

653 2100 773 2139 eorum
798 2082 951 2137 medium
969 2082 1101 2135 nitrum

653 2171 723 2224 asp.
733 2155 832 2209 rideas.
844 2153 970 2207 ecdicum
982 2151 1100 2217 „facics“

654 2226 812 2288 tenendum,
820 2224 870 2279 sed
880 2238 974 2277 eorum
985 2221 1000 2275 f
1003 2237 1020 2276 a
1028 2239 1042 2277 c
1049 2223 1058 2276 i
1066 2238 1102 2277 es

654 2296 733 2363 (facit
763 2298 793 2361 π)
822 2293 951 2349 mendum
979 2298 1022 2351 cst
1049 2309 1100 2360 pro

653 2365 785 2430 faeces,
809 2365 871 2420 vult
895 2365 966 2418 enim
988 2364 1101 2429 „sordes

640 2438 783 2508 'absterge
800 2453 849 2491 seu
867 2439 989 2502 amputa,
1007 2433 1101 2489 faecu-

651 2505 1100 2570 lentiamtollaschlamm.beta-

653 2576 1100 2642 ciorumexflletatinreli-

652 2652 722 2719 quis,
732 2651 827 2719 sicque
837 2649 947 2702 variant
964 2648 1005 2700 64.
1017 2647 1101 2701 scribi

651 2727 784 2790 oportere
797 2719 950 2788 puleiacius
967 2723 996 2772 et
1013 2719 1101 2785 pasti-

651 2793 746 2845 nacius
774 2806 819 2858 ap.
847 2790 963 2845 Salmas.
988 2789 1016 2841 in
1041 2788 1098 2843 Sol,

650 2878 676 2930 p.
695 2863 756 2916 583.
773 2863 798 2916 b.
809 2860 961 2915 malvaeius
971 2873 1017 2926 ap.
1028 2859 1099 2912 Plin.

650 2933 694 2998 21,
716 2935 756 2986 19.
776 2931 908 2985 Priscian.
928 2924 1007 2982 3fin.
1026 2929 1101 2996 rapi·

651 3003 709 3056 cius
728 3017 777 3056 seu
787 3001 915 3068 rapacius
928 3014 973 3065 ap.
984 2997 1038 3050 Gai
1055 2998 1099 3060 35,

650 3074 674 3126 2.
696 3072 757 3131 134,
777 3073 801 3125 1.
821 3071 897 3127 Plin.·
913 3069 954 3130 18,
975 3069 1026 3120 127
1061 3069 1098 3122 al.

649 3142 698 3196 alii
707 3145 889 3196 monuerunt.
913 3143 978 3193 sunt
990 3138 1099 3193 radices

649 3220 678 3268 et
703 3210 790 3266 fibrae
815 3211 901 3266 betae
919 3209 1043 3278 vulgaris
1070 3210 1099 3262 in

648 3283 737 3337 hortis
755 3282 855 3345 cultae,
871 3280 952 3336 rothe
971 3280 1049 3334 rlibe.
1064 3309 1097 3319 —

648 3371 682 3409 ex
701 3370 819 3408 eorum
838 3352 891 3407 feci
916 3366 977 3406 eos
1001 3351 1043 3411 in,
1066 3356 1098 3404 ut

649 3426 692 3490 „in
711 3425 847 3479 medium¹⁴
867 3439 917 3478 seu
933 3420 1095 3488 „inmedi0“

646 3497 683 3548 sit
698 3495 773 3562 quod
789 3495 939 3558 „interim“‚
958 3491 1095 3545 indessen.
1127 3523 1129 3527 <

646 3565 682 3618 ad
701 3565 838 3632 nigrum
849 3565 960 3629 (nitrum
969 3580 1006 3628 γπ
1014 3562 1095 3618 Hum.

646 3633 681 3691 ci.
701 3635 739 3691 ad
758 3633 864 3712 Gargiu
883 3649 937 3700 cur.
957 3632 1094 3705 boum23,
