2498 4178
115 416 160 481 50
429 416 491 472 Lib.
512 416 548 471 IL
584 415 745 488 Sarcoptca

114 575 262 655 satureia,
297 580 378 654 ruta,
414 577 641 658 petresilinum,
676 577 935 662 condimentum,
977 584 1081 649 Meae

112 663 204 743 lauri,
227 663 386 743 liquamen
410 670 442 727 et
463 663 658 730 admiscetur
679 667 780 748 pulpa
794 669 880 732 bene
896 670 1080 752 tunsa,·ita

113 758 148 817 ut
170 751 276 817 denuo
301 751 383 815 bene
406 770 476 815 cum
495 752 568 834 ipsu
584 755 716 818 subtrito
732 753 863 820 fricetur
880 777 958 821 curn
973 758 1078 841 liqua-

112 839 207 904 mine.
224 837 366 903 admixtu
382 838 495 922 pipere
523 841 648 922 integro
678 848 710 907 et
732 842 912 908 abundanti
935 845 1077 928 pingue

113 926 187 991 dine
211 932 243 991 et
265 927 386 992 nucleis
409 927 521 993 inicies
534 930 568 993 in
585 930 768 994 intestinum
784 951 943 1013 perquam
960 939 1077 1000 tenua·

111 1021 177 1079 tum
201 1012 412 1101 [perductum]
438 1018 538 1081 etsie
561 1017 605 1082 ad
626 1018 747 1082 fumum
770 1019 996 1102 suspenditur.

178 1104 231 1167 57.
262 1104 519 1169 Farcimina:
552 1125 614 1170 uva
644 1112 677 1171 et
700 1109 861 1173 cerebella
882 1113 986 1191 teres,
1017 1129 1073 1176 nu·

112 1191 199 1257 cleos
222 1191 346 1274 pineus,
370 1193 471 1274 piper,
495 1193 667 1274 liquamen,
690 1194 778 1259 lasar
791 1195 955 1260 modicum
974 1198 1074 1264 etbis

110 1279 292 1346 intestinum
315 1279 471 1361 implebis.
497 1281 608 1362 elixas,
631 1288 746 1365 postea
762 1282 860 1347 ¹assas
884 1290 918 1348 et
936 1284 1071 1352 inferes

177 1371 229 1433 58.
252 1368 370 1432 Aliter:
398 1374 523 1432 coctam
547 1369 661 1435 alicam
685 1377 719 1434 et
741 1371 846 1434 tritam
870 1391 945 1437 cum
967 1375 1073 1457 pulpa

111 1457 241 1521 concisa
272 1462 304 1521 et
332 1455 406 1519 trita
437 1476 502 1521 una
532 1477 604 1523 curn
634 1459 747 1541 pipere
779 1465 811 1524 et
832 1458 1016 1541 liquamine
1041 1466 1073 1526 et

110 1544 241 1610 nucleis.
269 1541 387 1609 farcies
414 1543 597 1609 intestinum
629 1551 661 1610 et
692 1547 837 1628 elixabis,
870 1546 992 1614 deinde
1017 1569 1071 1614 ce

110 1632 205 1714 mino,
236 1632 306 1697 sale
337 1632 461 1697 assabis
492 1639 524 1699 et
554 1654 625 1699 cum
655 1633 758 1717 sinapi
780 1635 910 1716 inferes,
943 1637 999 1702 vel
1023 1636 1072 1704 sic

110 1722 272 1787 concisum
294 1721 327 1784 in
351 1719 451 1785 disce.
685 1730 689 1736 '

119 1871 128 1881 ,
176 1810 228 1875 59,
253 1809 370 1873 Aliter:
394 1808 509 1874 alicam
531 1828 653 1893 purgas
677 1815 709 1874 et
733 1830 804 1876 cum
825 1809 1003 1890 liquamine
1019 1811 1069 1877 in-

108 1896 215 1964 testini
246 1902 278 1963 et
307 1897 467 1962 albamine
497 1897 584 1981 porri
615 1897 735 1963 concisi
763 1897 941 1964 minutatim
971 1899 1070 1967 simul

107 2074 256 2130 cedonicus
278 2073 310 2126 L.
332 2071 557 2128 macedoniscber
609 2073 638 2128 in
657 2072 806 2128 Glossariis
824 2089 925 2129 nomen
943 2075 1068 2132 inducti-

106 2145 272 2214 steineppig.
318 2143 364 2198 Sic
397 2159 480 2198 eruca
507 2143 556 2197 ho·
609 2142 653 2207 lis,
691 2143 764 2198 unde
793 2144 887 2213 gallic.
917 2146 1067 2202 andonille

107 2216 209 2272 diernis
230 2215 343 2271 Graecis
362 2213 497 2284 ἆρώματος
515 2213 556 2268 di·
609 2221 713 2276 natum,
733 2213 808 2283 quod
818 2215 908 2270 nostri
917 2221 1066 2273 verterunt

106 2287 178 2342 citur
195 2287 289 2355 sicque
308 2285 555 2354 pimentumbcdie
608 2284 779 2354 schuebling.
801 2283 834 2338 cf.
855 2286 932 2340 Diez.
952 2287 1022 2342 Lex.
1035 2287 1064 2343 d.

105 2372 238 2414 vocamus
261 2372 349 2425 genus
368 2356 471 2410 herbae
491 2372 555 2410 con·
608 2371 713 2410 roman.
733 2354 842 2423 spracb.
863 2373 889 2424 p.
910 2357 1065 2412 555-15

106 2427 296 2487 dimentariae
321 2426 388 2480 licet
407 2442 487 2481 omne
506 2442 554 2493 ge·
609 2425 738 2480 fumum
757 2445 785 2480 π.
805 2427 848 2481 ad
867 2425 1006 2482 fureum
1021 2425 1063 2496 γδ.

105 2513 157 2552 nus
184 2495 331 2551 herbarum
363 2501 393 2550 et
419 2497 552 2550 seminum
606 2495 745 2551 turcum
771 2497 790 2556 ζ.
828 2496 990 2552 furenum
1018 2501 1063 2554 tn.

106 2566 385 2622 condimentariorum
416 2567 551 2635 designet.
607 2565 803 2621 51285401.

105 2638 207 2693 Lexica
226 2642 373 2691 tacent—
392 2643 553 2705 petrose·
659 2638 696 2692 ad
715 2637 757 2692 57.
785 2638 928 2693 nucleis
957 2639 1059 2695 misces

105 2707 212 2763 linum
237 2707 369 2776 marginis
393 2707 504 2763 videtur
522 2714 554 2762 ut
606 2708 649 2762 55.

105 2779 166 2834 224.
194 2778 255 2834 345.
283 2779 343 2833 351.
364 2808 396 2816 -
423 2778 553 2833 inicies
661 2778 698 2832 ad
716 2779 759 2833 58.
790 2779 932 2833 cornino
960 2780 1061 2848 scripsi

104 2867 139 2907 ex
166 2855 192 2914 β.
221 2866 273 2919 pro
301 2849 397 2912 icies,
420 2849 552 2913 micies,
606 2865 658 2917 pro
678 2865 759 2912 cum,
778 2849 870 2904 ad53.
884 2849 983 2905 calcet
994 2850 1060 2905 oleo

103 2921 256 2986 miscies,
275 2920 405 2976 nuecis
432 2919 552 2989 reliquo·
606 2924 717 2974 assatur
738 2921 796 2972 111.
818 2920 983 2975 istudsale
1002 2919 1059 2976 fcr-

78 3052 81 3056 ,
104 3009 172 3058 rum,
191 2992 327 3048 farcies
345 2992 394 3047 int
408 2992 452 3047 ed.
463 3007 504 3059 pr.
517 2991 551 3044 Η.
606 2995 681 3044 tasse
700 2996 861 3058 corruptum
875 3007 925 3058 pro
937 2995 995 3045 sat
1007 3006 1058 3046 seu

103 3069 335 3117 -tenuatum
360 3077 395 3116 ex
416 3062 479 3116 dor.
498 3077 550 3127 pro
605 3061 694 3114 satis
718 3067 774 3115 est
796 3061 1058 3116 subitaneum

102 3133 283 3188 tenuatim
303 3132 492 3187 tenuissimum
511 3131 561 3187 iu·.
604 3131 676 3186 sale
695 3137 739 3185 est
758 3131 1057 3195 ..cumacuminacum

102 3203 234 3259 tostinum
261 3202 363 3256 i'artum
396 3217 440 3269 ap.
469 3201 548 3256 Varr.
604 3203 747 3256 rationet‘*
780 3203 829 3256 sic
866 3202 968 3257 elixum
995 3207 1057 3257 tan·

103 3276 133 3328 L.
153 3275 182 3328 L.
203 3275 228 3336 5,
248 3275 291 3325 ⁶32².
311 3289 339 3340 p.
361 3273 418 3325 115.
446 3271 493 3340 Sp.
509 3278 549 3326 te·
605 3277 665 3326 tum
684 3273 728 3326 59.

101 3345 181 3401 nuius
207 3343 322 3413 (ieiuno)
347 3343 396 3397 int.
421 3342 448 3395 in
473 3343 549 3396 sinus
655 3343 693 3397 ad
720 3343 763 3396 59.
805 3342 981 3412 liquamen
1008 3342 1057 3398 in·

100 3416 280 3472 vehementer
294 3413 457 3482 inplicitum,
477 3412 547 3467 Cels.
602 3414 724 3471 teatini
743 3411 945 3482 gelroes’efett,
964 3413 1055 3469 utad-

100 3486 127 3549 4,
140 3490 162 3541 1.
180 3486 392 3556 perductum
411 3484 548 3556 nisiglos-
601 3484 655 3553 ipis
673 3484 813 3553 liquamen
837 3499 885 3553 ap.
903 3483 1009 3540 Colum.
1028 3483 1056 3548 6,

101 3570 133 3613 ra
151 3564 194 3614 est
212 3553 351 3631 significat
368 3556 484 3623 isicium,
503 3555 548 3610 eui
601 3556 628 3621 2,
653 3556 677 3622 7,
703 3561 771 3625 post
795 3554 956 3620 „intestini‘
981 3553 1056 3615 forie
