<?xml version="1.0" encoding="UTF-8"?>
<!DOCTYPE html PUBLIC "-//W3C//DTD XHTML 1.0 Transitional//EN"
    "http://www.w3.org/TR/xhtml1/DTD/xhtml1-transitional.dtd">
<html xmlns="http://www.w3.org/1999/xhtml" xml:lang="en" lang="en">
 <head>
  <title>
</title>
<meta http-equiv="Content-Type" content="text/html;charset=utf-8" />
  <meta name='ocr-system' content='tesseract 3.04.00' />
  <meta name='ocr-capabilities' content='ocr_page ocr_carea ocr_par ocr_line ocrx_word'/>
</head>
<body>
  <div class='ocr_page' id='page_1' title='image "apicicaeliderec00schugoog_0036.png"; bbox 0 0 2498 4178; ppageno 0'>
   <div class='ocr_carea' id='block_1_1' title="bbox 429 438 1050 518">
    <p class='ocr_par' dir='ltr' id='par_1_1' title="bbox 429 438 1050 518">
     <span class='ocr_line' id='line_1_1' title="bbox 429 438 1050 518; baseline 0.021 -14"><span class='ocrx_word' id='word_1_1' title='bbox 429 438 531 506; x_wconf 85' lang='lat' dir='ltr'>Lib.I.</span> <span class='ocrx_word' id='word_1_2' title='bbox 566 438 715 518; x_wconf 83' lang='lat' dir='ltr'>Epimeies.</span> <span class='ocrx_word' id='word_1_3' title='bbox 1007 443 1050 516; x_wconf 72' lang='lat'>29</span> 
     </span>
    </p>
   </div>
   <div class='ocr_carea' id='block_1_2' title="bbox 93 602 1130 2292">
    <p class='ocr_par' dir='ltr' id='par_1_2' title="bbox 93 602 1130 1579">
     <span class='ocr_line' id='line_1_2' title="bbox 160 602 1049 676; baseline 0 -2"><span class='ocrx_word' id='word_1_4' title='bbox 160 611 191 674; x_wconf 90' lang='lat'>4.</span> <span class='ocrx_word' id='word_1_5' title='bbox 226 611 434 675; x_wconf 87' lang='lat' dir='ltr'>Rusatnm-</span> <span class='ocrx_word' id='word_1_6' title='bbox 454 609 501 675; x_wconf 88' lang='lat' dir='ltr'>sie</span> <span class='ocrx_word' id='word_1_7' title='bbox 531 602 648 676; x_wconf 76' lang='lat' dir='ltr'>facies:</span> <span class='ocrx_word' id='word_1_8' title='bbox 688 608 765 675; x_wconf 82' lang='lat' dir='ltr'>folia</span> <span class='ocrx_word' id='word_1_9' title='bbox 798 628 940 674; x_wconf 87' lang='lat' dir='ltr'>rosarum</span> <span class='ocrx_word' id='word_1_10' title='bbox 975 611 1049 676; x_wconf 84' lang='lat' dir='ltr'>albo</span> 
     </span>
     <span class='ocr_line' id='line_1_3' title="bbox 94 697 1048 764; baseline 0.002 -4"><span class='ocrx_word' id='word_1_11' title='bbox 94 698 218 764; x_wconf 89' lang='lat' dir='ltr'>sublato</span> <span class='ocrx_word' id='word_1_12' title='bbox 241 698 306 763; x_wconf 85' lang='lat' dir='ltr'>lino</span> <span class='ocrx_word' id='word_1_13' title='bbox 329 699 443 764; x_wconf 84' lang='lat' dir='ltr'>inseris</span> <span class='ocrx_word' id='word_1_14' title='bbox 470 736 507 746; x_wconf 83' lang='lat'><em>-</em></span> <span class='ocrx_word' id='word_1_15' title='bbox 535 704 569 762; x_wconf 91' lang='lat' dir='ltr'>ut</span> <span class='ocrx_word' id='word_1_16' title='bbox 592 698 701 762; x_wconf 84' lang='lat' dir='ltr'>sutiles</span> <span class='ocrx_word' id='word_1_17' title='bbox 724 697 827 763; x_wconf 81' lang='lat' dir='ltr'>facias</span> <span class='ocrx_word' id='word_1_18' title='bbox 850 736 894 747; x_wconf 90' lang='lat'>—-</span> <span class='ocrx_word' id='word_1_19' title='bbox 919 705 950 764; x_wconf 85' lang='lat' dir='ltr'>et</span> <span class='ocrx_word' id='word_1_20' title='bbox 973 699 1048 762; x_wconf 86' lang='lat' dir='ltr'>vino</span> 
     </span>
     <span class='ocr_line' id='line_1_4' title="bbox 95 785 1050 870; baseline 0 -19"><span class='ocrx_word' id='word_1_21' title='bbox 95 788 364 870; x_wconf 88' lang='lat' dir='ltr'>quamplurimas</span> <span class='ocrx_word' id='word_1_22' title='bbox 388 786 539 867; x_wconf 88' lang='lat' dir='ltr'>infundis,</span> <span class='ocrx_word' id='word_1_23' title='bbox 572 793 605 851; x_wconf 92' lang='lat' dir='ltr'>ut</span> <span class='ocrx_word' id='word_1_24' title='bbox 634 794 759 869; x_wconf 83' lang='lat' dir='ltr'><strong>septem</strong></span> <span class='ocrx_word' id='word_1_25' title='bbox 783 785 896 851; x_wconf 88' lang='lat' dir='ltr'>diebus</span> <span class='ocrx_word' id='word_1_26' title='bbox 919 786 952 850; x_wconf 90' lang='lat' dir='ltr'>in</span> <span class='ocrx_word' id='word_1_27' title='bbox 975 787 1050 851; x_wconf 81' lang='lat' dir='ltr'>vino</span> 
     </span>
     <span class='ocr_line' id='line_1_5' title="bbox 94 875 1130 958; baseline 0.006 -20"><span class='ocrx_word' id='word_1_28' title='bbox 94 876 164 939; x_wconf 86' lang='lat' dir='ltr'>sint.</span> <span class='ocrx_word' id='word_1_29' title='bbox 189 881 263 958; x_wconf 86' lang='lat' dir='ltr'>post</span> <span class='ocrx_word' id='word_1_30' title='bbox 288 881 413 958; x_wconf 80' lang='lat' dir='ltr'>septem</span> <span class='ocrx_word' id='word_1_31' title='bbox 437 876 507 951; x_wconf 84' lang='lat' dir='ltr'>dies</span> <span class='ocrx_word' id='word_1_32' title='bbox 530 895 636 940; x_wconf 86' lang='lat' dir='ltr'>rosam</span> <span class='ocrx_word' id='word_1_33' title='bbox 660 875 701 940; x_wconf 89' lang='lat' dir='ltr'>de</span> <span class='ocrx_word' id='word_1_34' title='bbox 720 875 794 939; x_wconf 76' lang='lat' dir='ltr'>vino</span> <span class='ocrx_word' id='word_1_35' title='bbox 814 875 898 939; x_wconf 86' lang='lat' dir='ltr'>tollis</span> <span class='ocrx_word' id='word_1_36' title='bbox 920 880 952 940; x_wconf 90' lang='lat' dir='ltr'>et</span> <span class='ocrx_word' id='word_1_37' title='bbox 971 875 1050 940; x_wconf 88' lang='lat' dir='ltr'>alias</span> <span class='ocrx_word' id='word_1_38' title='bbox 1123 936 1130 944; x_wconf 91' lang='lat'>.</span> 
     </span>
     <span class='ocr_line' id='line_1_6' title="bbox 94 963 1051 1048; baseline 0.001 -21"><span class='ocrx_word' id='word_1_39' title='bbox 94 964 213 1028; x_wconf 86' lang='lat' dir='ltr'>sutules</span> <span class='ocrx_word' id='word_1_40' title='bbox 236 971 382 1040; x_wconf 70' lang='lat' dir='ltr'>repentes</span> <span class='ocrx_word' id='word_1_41' title='bbox 406 965 549 1028; x_wconf 86' lang='lat' dir='ltr'>similiter</span> <span class='ocrx_word' id='word_1_42' title='bbox 572 963 677 1043; x_wconf 79' lang='lat' dir='ltr'>mittis,</span> <span class='ocrx_word' id='word_1_43' title='bbox 701 969 736 1027; x_wconf 90' lang='lat' dir='ltr'>ut</span> <span class='ocrx_word' id='word_1_44' title='bbox 758 983 817 1048; x_wconf 87' lang='lat' dir='ltr'>per</span> <span class='ocrx_word' id='word_1_45' title='bbox 832 963 901 1029; x_wconf 86' lang='lat' dir='ltr'>dies</span> <span class='ocrx_word' id='word_1_46' title='bbox 927 970 1051 1047; x_wconf 81' lang='lat' dir='ltr'>septem</span> 
     </span>
     <span class='ocr_line' id='line_1_7' title="bbox 93 1052 1050 1134; baseline 0 -18"><span class='ocrx_word' id='word_1_47' title='bbox 93 1053 126 1116; x_wconf 94' lang='lat' dir='ltr'>in</span> <span class='ocrx_word' id='word_1_48' title='bbox 144 1052 219 1117; x_wconf 81' lang='lat' dir='ltr'>vino</span> <span class='ocrx_word' id='word_1_49' title='bbox 240 1052 442 1134; x_wconf 82' lang='lat' dir='ltr'>requiescant</span> <span class='ocrx_word' id='word_1_50' title='bbox 462 1060 493 1118; x_wconf 90' lang='lat' dir='ltr'>et</span> <span class='ocrx_word' id='word_1_51' title='bbox 512 1072 618 1117; x_wconf 85' lang='lat' dir='ltr'>rosam</span> <span class='ocrx_word' id='word_1_52' title='bbox 638 1052 750 1116; x_wconf 82' lang='lat' dir='ltr'>eximis</span> <span class='ocrx_word' id='word_1_53' title='bbox 768 1053 919 1118; x_wconf 87' lang='lat' dir='ltr'>similiter.</span> <span class='ocrx_word' id='word_1_54' title='bbox 946 1073 967 1117; x_wconf 84' lang='lat' dir='ltr'>a</span> <span class='ocrx_word' id='word_1_55' title='bbox 988 1059 1050 1118; x_wconf 88' lang='lat' dir='ltr'>ter·</span> 
     </span>
     <span class='ocr_line' id='line_1_8' title="bbox 93 1141 1050 1222; baseline 0.001 -17"><span class='ocrx_word' id='word_1_56' title='bbox 93 1141 137 1205; x_wconf 88' lang='lat' dir='ltr'>tio</span> <span class='ocrx_word' id='word_1_57' title='bbox 162 1141 263 1206; x_wconf 85' lang='lat' dir='ltr'>l&#39;aeias</span> <span class='ocrx_word' id='word_1_58' title='bbox 287 1147 319 1206; x_wconf 89' lang='lat' dir='ltr'>et</span> <span class='ocrx_word' id='word_1_59' title='bbox 341 1161 448 1222; x_wconf 85' lang='lat' dir='ltr'>rosam</span> <span class='ocrx_word' id='word_1_60' title='bbox 472 1142 583 1206; x_wconf 85' lang='lat' dir='ltr'>eximis</span> <span class='ocrx_word' id='word_1_61' title='bbox 616 1146 648 1205; x_wconf 88' lang='lat' dir='ltr'>et</span> <span class='ocrx_word' id='word_1_62' title='bbox 677 1142 786 1205; x_wconf 83' lang='lat' dir='ltr'>vinum</span> <span class='ocrx_word' id='word_1_63' title='bbox 809 1141 898 1206; x_wconf 79' lang='lat' dir='ltr'>solas</span> <span class='ocrx_word' id='word_1_64' title='bbox 922 1147 954 1206; x_wconf 89' lang='lat' dir='ltr'>et</span> <span class='ocrx_word' id='word_1_65' title='bbox 977 1161 1050 1207; x_wconf 86' lang='lat' dir='ltr'>eum</span> 
     </span>
     <span class='ocr_line' id='line_1_9' title="bbox 94 1229 1050 1310; baseline -0.001 -16"><span class='ocrx_word' id='word_1_66' title='bbox 94 1229 137 1294; x_wconf 89' lang='lat' dir='ltr'>ad</span> <span class='ocrx_word' id='word_1_67' title='bbox 161 1229 335 1295; x_wconf 91' lang='lat' dir='ltr'>bibendum</span> <span class='ocrx_word' id='word_1_68' title='bbox 357 1231 447 1295; x_wconf 87' lang='lat' dir='ltr'>voles</span> <span class='ocrx_word' id='word_1_69' title='bbox 471 1231 526 1310; x_wconf 87' lang='lat' dir='ltr'>uti,</span> <span class='ocrx_word' id='word_1_70' title='bbox 554 1229 663 1294; x_wconf 91' lang='lat' dir='ltr'>addito</span> <span class='ocrx_word' id='word_1_71' title='bbox 692 1230 787 1295; x_wconf 90' lang='lat' dir='ltr'>melle</span> <span class='ocrx_word' id='word_1_72' title='bbox 811 1235 951 1294; x_wconf 86' lang='lat' dir='ltr'>rosatum</span> <span class='ocrx_word' id='word_1_73' title='bbox 976 1250 1050 1296; x_wconf 88' lang='lat' dir='ltr'>eon-</span> 
     </span>
     <span class='ocr_line' id='line_1_10' title="bbox 94 1318 1052 1384; baseline 0.001 -2"><span class='ocrx_word' id='word_1_74' title='bbox 94 1318 182 1384; x_wconf 86' lang='lat' dir='ltr'>fieies</span> <span class='ocrx_word' id='word_1_75' title='bbox 224 1339 303 1384; x_wconf 89' lang='lat' dir='ltr'>sane</span> <span class='ocrx_word' id='word_1_76' title='bbox 335 1318 493 1384; x_wconf 79' lang='lat' dir='ltr'>custodito</span> <span class='ocrx_word' id='word_1_77' title='bbox 525 1323 559 1382; x_wconf 91' lang='lat' dir='ltr'>ut</span> <span class='ocrx_word' id='word_1_78' title='bbox 586 1338 692 1383; x_wconf 86' lang='lat' dir='ltr'>rosam</span> <span class='ocrx_word' id='word_1_79' title='bbox 723 1339 743 1382; x_wconf 88' lang='lat' dir='ltr'>a</span> <span class='ocrx_word' id='word_1_80' title='bbox 774 1338 846 1384; x_wconf 85' lang='lat' dir='ltr'>rore</span> <span class='ocrx_word' id='word_1_81' title='bbox 877 1319 996 1384; x_wconf 81' lang='lat' dir='ltr'>siccam</span> <span class='ocrx_word' id='word_1_82' title='bbox 1020 1323 1052 1384; x_wconf 88' lang='lat' dir='ltr'>et</span> 
     </span>
     <span class='ocr_line' id='line_1_11' title="bbox 95 1406 1051 1490; baseline 0.001 -19"><span class='ocrx_word' id='word_1_83' title='bbox 95 1407 248 1490; x_wconf 88' lang='lat' dir='ltr'>optimam</span> <span class='ocrx_word' id='word_1_84' title='bbox 271 1407 388 1475; x_wconf 85' lang='lat' dir='ltr'>mittas.</span> <span class='ocrx_word' id='word_1_85' title='bbox 435 1406 587 1473; x_wconf 80' lang='lat' dir='ltr'>Similiter</span> <span class='ocrx_word' id='word_1_86' title='bbox 610 1412 764 1490; x_wconf 84' lang='lat' dir='ltr'>utsupra</span> <span class='ocrx_word' id='word_1_87' title='bbox 788 1406 830 1472; x_wconf 88' lang='lat' dir='ltr'>de</span> <span class='ocrx_word' id='word_1_88' title='bbox 853 1408 940 1472; x_wconf 86' lang='lat' dir='ltr'>viola</span> <span class='ocrx_word' id='word_1_89' title='bbox 963 1406 1051 1472; x_wconf 82' lang='lat' dir='ltr'>vie·</span> 
     </span>
     <span class='ocr_line' id='line_1_12' title="bbox 94 1495 999 1579; baseline 0.001 -19"><span class='ocrx_word' id='word_1_90' title='bbox 94 1495 223 1561; x_wconf 88' lang='lat' dir='ltr'>latum</span> <span class='ocrx_word' id='word_1_91' title='bbox 245 1495 347 1562; x_wconf 82' lang='lat' dir='ltr'>facies</span> <span class='ocrx_word' id='word_1_92' title='bbox 371 1502 403 1561; x_wconf 87' lang='lat' dir='ltr'>et</span> <span class='ocrx_word' id='word_1_93' title='bbox 426 1495 541 1562; x_wconf 91' lang='lat' dir='ltr'>eodem</span> <span class='ocrx_word' id='word_1_94' title='bbox 564 1495 660 1560; x_wconf 87' lang='lat' dir='ltr'>modo</span> <span class='ocrx_word' id='word_1_95' title='bbox 685 1496 779 1561; x_wconf 92' lang='lat' dir='ltr'>melle</span> <span class='ocrx_word' id='word_1_96' title='bbox 803 1495 999 1579; x_wconf 81' lang='lat' dir='ltr'>temperabis</span> 
     </span>
    </p>

    <p class='ocr_par' dir='ltr' id='par_1_3' title="bbox 94 1583 1050 1935">
     <span class='ocr_line' id='line_1_13' title="bbox 160 1583 1049 1651; baseline 0.001 -3"><span class='ocrx_word' id='word_1_97' title='bbox 160 1585 360 1650; x_wconf 84' lang='lat' dir='ltr'>Rosatum</span> <span class='ocrx_word' id='word_1_98' title='bbox 380 1586 471 1651; x_wconf 85' lang='lat' dir='ltr'>sine</span> <span class='ocrx_word' id='word_1_99' title='bbox 491 1603 587 1650; x_wconf 85' lang='lat' dir='ltr'>rosa</span> <span class='ocrx_word' id='word_1_100' title='bbox 605 1585 652 1651; x_wconf 84' lang='lat' dir='ltr'>sie</span> <span class='ocrx_word' id='word_1_101' title='bbox 670 1584 790 1650; x_wconf 79' lang='lat' dir='ltr'>facies:</span> <span class='ocrx_word' id='word_1_102' title='bbox 814 1583 894 1649; x_wconf 86' lang='lat' dir='ltr'>felia</span> <span class='ocrx_word' id='word_1_103' title='bbox 916 1584 986 1650; x_wconf 84' lang='lat' dir='ltr'>citri</span> <span class='ocrx_word' id='word_1_104' title='bbox 1005 1585 1049 1649; x_wconf 88' lang='lat' dir='ltr'>vi·</span> 
     </span>
     <span class='ocr_line' id='line_1_14' title="bbox 94 1672 1050 1760; baseline 0.002 -23"><span class='ocrx_word' id='word_1_105' title='bbox 94 1672 177 1738; x_wconf 88' lang='lat' dir='ltr'>ridia</span> <span class='ocrx_word' id='word_1_106' title='bbox 205 1673 239 1738; x_wconf 94' lang='lat' dir='ltr'>in</span> <span class='ocrx_word' id='word_1_107' title='bbox 269 1675 423 1760; x_wconf 80' lang='lat' dir='ltr'>sportella</span> <span class='ocrx_word' id='word_1_108' title='bbox 453 1674 581 1760; x_wconf 90' lang='lat' dir='ltr'>palmea</span> <span class='ocrx_word' id='word_1_109' title='bbox 608 1675 642 1737; x_wconf 89' lang='lat' dir='ltr'>in</span> <span class='ocrx_word' id='word_1_110' title='bbox 673 1672 793 1738; x_wconf 87' lang='lat' dir='ltr'>dolium</span> <span class='ocrx_word' id='word_1_111' title='bbox 817 1675 915 1740; x_wconf 74' lang='lat' dir='ltr'>¹musti</span> <span class='ocrx_word' id='word_1_112' title='bbox 944 1673 1050 1739; x_wconf 87' lang='lat' dir='ltr'>mittes</span> 
     </span>
     <span class='ocr_line' id='line_1_15' title="bbox 94 1761 1048 1846; baseline 0 -20"><span class='ocrx_word' id='word_1_113' title='bbox 94 1768 268 1844; x_wconf 86' lang='lat' dir='ltr'>antequam</span> <span class='ocrx_word' id='word_1_114' title='bbox 291 1763 415 1829; x_wconf 83' lang='lat' dir='ltr'>ferveat</span> <span class='ocrx_word' id='word_1_115' title='bbox 446 1769 477 1828; x_wconf 89' lang='lat' dir='ltr'>et</span> <span class='ocrx_word' id='word_1_116' title='bbox 505 1767 579 1846; x_wconf 88' lang='lat' dir='ltr'>post</span> <span class='ocrx_word' id='word_1_117' title='bbox 602 1761 817 1846; x_wconf 82' lang='lat' dir='ltr'>quadraginta</span> <span class='ocrx_word' id='word_1_118' title='bbox 840 1761 909 1829; x_wconf 87' lang='lat' dir='ltr'>dies</span> <span class='ocrx_word' id='word_1_119' title='bbox 935 1763 1048 1828; x_wconf 83' lang='lat' dir='ltr'>exime.</span> 
     </span>
     <span class='ocr_line' id='line_1_16' title="bbox 94 1850 1050 1935; baseline -0.001 -18"><span class='ocrx_word' id='word_1_120' title='bbox 94 1870 167 1917; x_wconf 85' lang='lat' dir='ltr'>eum</span> <span class='ocrx_word' id='word_1_121' title='bbox 189 1870 323 1918; x_wconf 86' lang='lat' dir='ltr'>neeesse</span> <span class='ocrx_word' id='word_1_122' title='bbox 345 1851 450 1931; x_wconf 87' lang='lat' dir='ltr'>fuerit,</span> <span class='ocrx_word' id='word_1_123' title='bbox 475 1851 537 1931; x_wconf 82' lang='lat' dir='ltr'>mel</span> <span class='ocrx_word' id='word_1_124' title='bbox 562 1850 664 1917; x_wconf 87' lang='lat' dir='ltr'>addes</span> <span class='ocrx_word' id='word_1_125' title='bbox 689 1856 720 1917; x_wconf 89' lang='lat' dir='ltr'>et</span> <span class='ocrx_word' id='word_1_126' title='bbox 742 1872 800 1935; x_wconf 85' lang='lat' dir='ltr'>pro</span> <span class='ocrx_word' id='word_1_127' title='bbox 825 1857 933 1916; x_wconf 81' lang='lat' dir='ltr'>rosato</span> <span class='ocrx_word' id='word_1_128' title='bbox 950 1856 1050 1917; x_wconf 91' lang='lat' dir='ltr'>utere.</span> 
     </span>
    </p>

    <p class='ocr_par' dir='ltr' id='par_1_4' title="bbox 95 1939 1052 2292">
     <span class='ocr_line' id='line_1_17' title="bbox 162 1939 1050 2006; baseline 0 -2"><span class='ocrx_word' id='word_1_129' title='bbox 162 1939 192 2004; x_wconf 85' lang='lat' dir='ltr'>b.</span> <span class='ocrx_word' id='word_1_130' title='bbox 229 1939 378 2006; x_wconf 85' lang='lat' dir='ltr'>Oleum.</span> <span class='ocrx_word' id='word_1_131' title='bbox 399 1940 654 2006; x_wconf 81' lang='lat' dir='ltr'>liburnicum</span> <span class='ocrx_word' id='word_1_132' title='bbox 684 1940 733 2005; x_wconf 84' lang='lat' dir='ltr'>sie¹</span> <span class='ocrx_word' id='word_1_133' title='bbox 761 1939 880 2006; x_wconf 79' lang='lat' dir='ltr'>facies:</span> <span class='ocrx_word' id='word_1_134' title='bbox 911 1939 945 2004; x_wconf 95' lang='lat' dir='ltr'>in</span> <span class='ocrx_word' id='word_1_135' title='bbox 979 1940 1050 2006; x_wconf 89' lang='lat' dir='ltr'>oleo</span> 
     </span>
     <span class='ocr_line' id='line_1_18' title="bbox 95 2029 1052 2112; baseline 0 -20"><span class='ocrx_word' id='word_1_136' title='bbox 95 2047 197 2111; x_wconf 88' lang='lat' dir='ltr'>spano</span> <span class='ocrx_word' id='word_1_137' title='bbox 221 2029 327 2094; x_wconf 89' lang='lat' dir='ltr'>mittes</span> <span class='ocrx_word' id='word_1_138' title='bbox 350 2029 487 2094; x_wconf 89' lang='lat' dir='ltr'>elenium</span> <span class='ocrx_word' id='word_1_139' title='bbox 511 2035 543 2095; x_wconf 88' lang='lat' dir='ltr'>et</span> <span class='ocrx_word' id='word_1_140' title='bbox 565 2030 707 2112; x_wconf 74' lang='lat' dir='ltr'>piperum</span> <span class='ocrx_word' id='word_1_141' title='bbox 733 2034 765 2094; x_wconf 87' lang='lat' dir='ltr'>et</span> <span class='ocrx_word' id='word_1_142' title='bbox 787 2029 866 2094; x_wconf 86' lang='lat' dir='ltr'>folia</span> <span class='ocrx_word' id='word_1_143' title='bbox 889 2029 969 2094; x_wconf 91' lang='lat' dir='ltr'>lauri</span> <span class='ocrx_word' id='word_1_144' title='bbox 987 2048 1052 2092; x_wconf 90' lang='lat' dir='ltr'>non</span> 
     </span>
     <span class='ocr_line' id='line_1_19' title="bbox 95 2116 1051 2202; baseline 0 -22"><span class='ocrx_word' id='word_1_145' title='bbox 95 2123 231 2198; x_wconf 87' lang='lat' dir='ltr'>vetusta,</span> <span class='ocrx_word' id='word_1_146' title='bbox 254 2122 349 2182; x_wconf 88' lang='lat' dir='ltr'>tunsa</span> <span class='ocrx_word' id='word_1_147' title='bbox 364 2117 470 2182; x_wconf 88' lang='lat' dir='ltr'>omnia</span> <span class='ocrx_word' id='word_1_148' title='bbox 487 2117 696 2202; x_wconf 82' lang='lat' dir='ltr'>excribellata</span> <span class='ocrx_word' id='word_1_149' title='bbox 714 2116 757 2181; x_wconf 86' lang='lat' dir='ltr'>ad</span> <span class='ocrx_word' id='word_1_150' title='bbox 772 2118 965 2182; x_wconf 88' lang='lat' dir='ltr'>levissimum</span> <span class='ocrx_word' id='word_1_151' title='bbox 982 2117 1051 2199; x_wconf 89' lang='lat' dir='ltr'>pul-</span> 
     </span>
     <span class='ocr_line' id='line_1_20' title="bbox 95 2204 1052 2292; baseline -0.002 -22"><span class='ocrx_word' id='word_1_152' title='bbox 95 2225 203 2271; x_wconf 86' lang='lat' dir='ltr'>verem</span> <span class='ocrx_word' id='word_1_153' title='bbox 226 2205 359 2272; x_wconf 87' lang='lat' dir='ltr'>redaeta</span> <span class='ocrx_word' id='word_1_154' title='bbox 382 2211 414 2272; x_wconf 90' lang='lat' dir='ltr'>et</span> <span class='ocrx_word' id='word_1_155' title='bbox 436 2207 522 2272; x_wconf 88' lang='lat' dir='ltr'>sales</span> <span class='ocrx_word' id='word_1_156' title='bbox 545 2206 655 2272; x_wconf 83' lang='lat' dir='ltr'>frietos</span> <span class='ocrx_word' id='word_1_157' title='bbox 674 2206 767 2271; x_wconf 88' lang='lat' dir='ltr'>tritos</span> <span class='ocrx_word' id='word_1_158' title='bbox 788 2213 820 2272; x_wconf 91' lang='lat' dir='ltr'>et</span> <span class='ocrx_word' id='word_1_159' title='bbox 838 2226 896 2292; x_wconf 90' lang='lat' dir='ltr'>per</span> <span class='ocrx_word' id='word_1_160' title='bbox 914 2204 1052 2270; x_wconf 87' lang='lat' dir='ltr'>triduum</span> 
     </span>
    </p>
   </div>
   <div class='ocr_carea' id='block_1_3' title="bbox 95 2377 1052 2623">
    <p class='ocr_par' dir='ltr' id='par_1_5' title="bbox 95 2377 1052 2623">
     <span class='ocr_line' id='line_1_21' title="bbox 97 2377 1052 2482; baseline 0.001 -12"><span class='ocrx_word' id='word_1_161' title='bbox 97 2418 120 2471; x_wconf 90' lang='lat'>1.</span> <span class='ocrx_word' id='word_1_162' title='bbox 137 2378 546 2482; x_wconf 79' lang='lat' dir='ltr'>‚‚thebaicae“et„thebaiais‘⁸</span> <span class='ocrx_word' id='word_1_163' title='bbox 576 2377 684 2472; x_wconf 61' lang='lat' dir='ltr'>⁴vino</span> <span class='ocrx_word' id='word_1_164' title='bbox 712 2417 839 2471; x_wconf 86' lang='lat' dir='ltr'>latium</span> <span class='ocrx_word' id='word_1_165' title='bbox 867 2435 894 2470; x_wconf 82' lang='grc' dir='ltr'><strong>π.</strong></span> <span class='ocrx_word' id='word_1_166' title='bbox 924 2389 1052 2471; x_wconf 83' lang='lat' dir='ltr'>deviu-</span> 
     </span>
     <span class='ocr_line' id='line_1_22' title="bbox 96 2487 1052 2552; baseline 0.001 -11"><span class='ocrx_word' id='word_1_167' title='bbox 96 2502 157 2542; x_wconf 84' lang='lat' dir='ltr'>cum</span> <span class='ocrx_word' id='word_1_168' title='bbox 174 2487 300 2552; x_wconf 87' lang='lat' dir='ltr'>„dablis“</span> <span class='ocrx_word' id='word_1_169' title='bbox 319 2489 365 2543; x_wconf 88' lang='lat' dir='ltr'>vel</span> <span class='ocrx_word' id='word_1_170' title='bbox 378 2489 546 2552; x_wconf 83' lang='lat' dir='ltr'>‚‚badiis“ex</span> <span class='ocrx_word' id='word_1_171' title='bbox 600 2489 713 2543; x_wconf 88' lang='lat' dir='ltr'>latum</span> <span class='ocrx_word' id='word_1_172' title='bbox 733 2489 751 2548; x_wconf 87' lang='grc' dir='ltr'><strong>ζ.</strong></span> <span class='ocrx_word' id='word_1_173' title='bbox 781 2488 823 2544; x_wconf 87' lang='lat' dir='ltr'>de</span> <span class='ocrx_word' id='word_1_174' title='bbox 847 2487 948 2542; x_wconf 88' lang='lat' dir='ltr'>viola</span> <span class='ocrx_word' id='word_1_175' title='bbox 972 2488 1052 2542; x_wconf 83' lang='lat' dir='ltr'>vio-</span> 
     </span>
     <span class='ocr_line' id='line_1_23' title="bbox 95 2559 1051 2623; baseline 0.001 -11"><span class='ocrx_word' id='word_1_176' title='bbox 95 2559 249 2623; x_wconf 78' lang='lat' dir='ltr'>Isidor.12‚</span> <span class='ocrx_word' id='word_1_177' title='bbox 271 2562 295 2622; x_wconf 88' lang='lat'>1,</span> <span class='ocrx_word' id='word_1_178' title='bbox 313 2560 355 2614; x_wconf 81' lang='lat'>49.</span> <span class='ocrx_word' id='word_1_179' title='bbox 381 2561 430 2614; x_wconf 88' lang='lat' dir='ltr'>alii</span> <span class='ocrx_word' id='word_1_180' title='bbox 445 2560 546 2615; x_wconf 87' lang='lat' dir='ltr'>aliain-</span> <span class='ocrx_word' id='word_1_181' title='bbox 599 2560 726 2614; x_wconf 91' lang='lat' dir='ltr'>latium</span> <span class='ocrx_word' id='word_1_182' title='bbox 746 2560 826 2614; x_wconf 88' lang='lat' dir='ltr'>Hum.</span> <span class='ocrx_word' id='word_1_183' title='bbox 846 2559 887 2613; x_wconf 87' lang='lat' dir='ltr'>sie</span> <span class='ocrx_word' id='word_1_184' title='bbox 903 2559 1051 2622; x_wconf 65' lang='lat' dir='ltr'>Pallanti,</span> 
     </span>
    </p>
   </div>
   <div class='ocr_carea' id='block_1_4' title="bbox 95 2630 1133 2696">
    <p class='ocr_par' dir='ltr' id='par_1_6' title="bbox 95 2630 1133 2696">
     <span class='ocr_line' id='line_1_24' title="bbox 95 2630 1133 2696; baseline 0.001 -13"><span class='ocrx_word' id='word_1_185' title='bbox 95 2630 210 2685; x_wconf 89' lang='lat' dir='ltr'>veniant</span> <span class='ocrx_word' id='word_1_186' title='bbox 229 2646 264 2685; x_wconf 84' lang='lat' dir='ltr'>ex</span> <span class='ocrx_word' id='word_1_187' title='bbox 282 2631 376 2686; x_wconf 82' lang='lat' dir='ltr'>Diosc.</span> <span class='ocrx_word' id='word_1_188' title='bbox 387 2632 467 2694; x_wconf 81' lang='grc'><strong>5,49.</strong></span> <span class='ocrx_word' id='word_1_189' title='bbox 487 2631 546 2687; x_wconf 82' lang='lat' dir='ltr'>Ori·</span> <span class='ocrx_word' id='word_1_190' title='bbox 599 2632 643 2684; x_wconf 80' lang='lat'>32.</span> <span class='ocrx_word' id='word_1_191' title='bbox 654 2630 799 2693; x_wconf 88' lang='lat' dir='ltr'>violatum,</span> <span class='ocrx_word' id='word_1_192' title='bbox 814 2630 983 2694; x_wconf 73' lang='lat' dir='ltr'>violaceum,</span> <span class='ocrx_word' id='word_1_193' title='bbox 993 2630 1053 2685; x_wconf 86' lang='lat' dir='ltr'>vio-</span> <span class='ocrx_word' id='word_1_194' title='bbox 1130 2692 1133 2696; x_wconf 51' lang='grc'>,</span> 
     </span>
    </p>
   </div>
   <div class='ocr_carea' id='block_1_5' title="bbox 71 2701 1082 3704">
    <p class='ocr_par' dir='ltr' id='par_1_7' title="bbox 95 2701 1052 3052">
     <span class='ocr_line' id='line_1_25' title="bbox 95 2701 1052 2770; baseline -0.001 -14"><span class='ocrx_word' id='word_1_195' title='bbox 95 2701 155 2756; x_wconf 85' lang='lat' dir='ltr'>bas.</span> <span class='ocrx_word' id='word_1_196' title='bbox 166 2702 191 2765; x_wconf 88' lang='lat'>5,</span> <span class='ocrx_word' id='word_1_197' title='bbox 205 2702 247 2755; x_wconf 74' lang='lat'>25.</span> <span class='ocrx_word' id='word_1_198' title='bbox 258 2703 300 2754; x_wconf 82' lang='lat'>32.</span> <span class='ocrx_word' id='word_1_199' title='bbox 320 2701 453 2770; x_wconf 77' lang='lat' dir='ltr'>¹Geopon.</span> <span class='ocrx_word' id='word_1_200' title='bbox 465 2702 490 2765; x_wconf 85' lang='lat'>8,</span> <span class='ocrx_word' id='word_1_201' title='bbox 500 2703 543 2754; x_wconf 78' lang='lat'>21.</span> <span class='ocrx_word' id='word_1_202' title='bbox 598 2701 703 2755; x_wconf 88' lang='lat' dir='ltr'>latium.</span> <span class='ocrx_word' id='word_1_203' title='bbox 729 2702 861 2756; x_wconf 74' lang='lat' dir='ltr'>coniicias</span> <span class='ocrx_word' id='word_1_204' title='bbox 880 2702 921 2756; x_wconf 84' lang='lat' dir='ltr'>de</span> <span class='ocrx_word' id='word_1_205' title='bbox 950 2701 1052 2756; x_wconf 84' lang='lat' dir='ltr'>viola</span> 
     </span>
     <span class='ocr_line' id='line_1_26' title="bbox 95 2772 1052 2850; baseline 0.001 -25"><span class='ocrx_word' id='word_1_206' title='bbox 95 2772 167 2826; x_wconf 90' lang='lat' dir='ltr'>Plin.</span> <span class='ocrx_word' id='word_1_207' title='bbox 188 2772 543 2850; x_wconf 77' lang='lat' dir='ltr'>14‚109.Pa1lau11‚14,</span> <span class='ocrx_word' id='word_1_208' title='bbox 598 2773 749 2827; x_wconf 77' lang='lat' dir='ltr'>laticem</span> <span class='ocrx_word' id='word_1_209' title='bbox 776 2778 808 2826; x_wconf 91' lang='lat' dir='ltr'>ut</span> <span class='ocrx_word' id='word_1_210' title='bbox 839 2772 960 2826; x_wconf 87' lang='lat' dir='ltr'>absinthi</span> <span class='ocrx_word' id='word_1_211' title='bbox 988 2772 1052 2826; x_wconf 86' lang='lat' dir='ltr'>lati·</span> 
     </span>
     <span class='ocr_line' id='line_1_27' title="bbox 97 2843 1052 2912; baseline 0 -16"><span class='ocrx_word' id='word_1_212' title='bbox 97 2844 138 2896; x_wconf 80' lang='grc'><strong>17.</strong></span> <span class='ocrx_word' id='word_1_213' title='bbox 160 2844 202 2897; x_wconf 89' lang='lat'>18.</span> <span class='ocrx_word' id='word_1_214' title='bbox 223 2875 255 2882; x_wconf 83' lang='lat'>-</span> <span class='ocrx_word' id='word_1_215' title='bbox 282 2859 316 2898; x_wconf 85' lang='lat' dir='ltr'>ex</span> <span class='ocrx_word' id='word_1_216' title='bbox 335 2843 348 2902; x_wconf 84' lang='grc' dir='ltr'>ζ</span> <span class='ocrx_word' id='word_1_217' title='bbox 365 2846 475 2899; x_wconf 87' lang='lat' dir='ltr'>restitui</span> <span class='ocrx_word' id='word_1_218' title='bbox 493 2859 545 2912; x_wconf 92' lang='lat' dir='ltr'>pro</span> <span class='ocrx_word' id='word_1_219' title='bbox 601 2858 660 2898; x_wconf 82' lang='lat' dir='ltr'>earn</span> <span class='ocrx_word' id='word_1_220' title='bbox 680 2843 751 2897; x_wconf 83' lang='lat' dir='ltr'>dixit</span> <span class='ocrx_word' id='word_1_221' title='bbox 768 2844 878 2898; x_wconf 84' lang='lat' dir='ltr'>Lueret.</span> <span class='ocrx_word' id='word_1_222' title='bbox 897 2844 922 2906; x_wconf 82' lang='lat'>4,</span> <span class='ocrx_word' id='word_1_223' title='bbox 944 2844 985 2897; x_wconf 88' lang='grc'>16.</span> <span class='ocrx_word' id='word_1_224' title='bbox 1012 2843 1052 2896; x_wconf 92' lang='lat' dir='ltr'>ni·</span> 
     </span>
     <span class='ocr_line' id='line_1_28' title="bbox 96 2913 1050 2983; baseline -0.001 -15"><span class='ocrx_word' id='word_1_225' title='bbox 96 2914 281 2978; x_wconf 84' lang='lat' dir='ltr'>eiusmodi,</span> <span class='ocrx_word' id='word_1_226' title='bbox 315 2915 392 2983; x_wconf 89' lang='lat' dir='ltr'>quod</span> <span class='ocrx_word' id='word_1_227' title='bbox 425 2913 546 2970; x_wconf 84' lang='lat' dir='ltr'>fortasse</span> <span class='ocrx_word' id='word_1_228' title='bbox 600 2930 682 2969; x_wconf 86' lang='lat' dir='ltr'>veum</span> <span class='ocrx_word' id='word_1_229' title='bbox 698 2913 830 2968; x_wconf 83' lang='lat' dir='ltr'>Prudent.</span> <span class='ocrx_word' id='word_1_230' title='bbox 843 2913 959 2968; x_wconf 82' lang='lat' dir='ltr'>cathem.</span> <span class='ocrx_word' id='word_1_231' title='bbox 971 2914 997 2975; x_wconf 86' lang='lat'>3,</span> <span class='ocrx_word' id='word_1_232' title='bbox 1007 2913 1050 2967; x_wconf 77' lang='grc'><strong>67.</strong></span> 
     </span>
     <span class='ocr_line' id='line_1_29' title="bbox 97 2984 1049 3052; baseline -0.006 -11"><span class='ocrx_word' id='word_1_233' title='bbox 97 2990 141 3041; x_wconf 84' lang='lat' dir='ltr'>est</span> <span class='ocrx_word' id='word_1_234' title='bbox 159 2985 257 3049; x_wconf 84' lang='lat' dir='ltr'>„lene“</span> <span class='ocrx_word' id='word_1_235' title='bbox 275 2991 298 3050; x_wconf 69' lang='grc'><strong>6.</strong></span> <span class='ocrx_word' id='word_1_236' title='bbox 314 2988 338 3040; x_wconf 94' lang='grc'><strong>1.</strong></span> <span class='ocrx_word' id='word_1_237' title='bbox 601 2985 720 3040; x_wconf 74' lang='lat' dir='ltr'>lacteum</span> <span class='ocrx_word' id='word_1_238' title='bbox 744 2984 858 3052; x_wconf 86' lang='lat' dir='ltr'>Apulei.</span> <span class='ocrx_word' id='word_1_239' title='bbox 878 2989 941 3038; x_wconf 88' lang='lat' dir='ltr'>met.</span> <span class='ocrx_word' id='word_1_240' title='bbox 964 2985 988 3046; x_wconf 85' lang='lat'>1,</span> <span class='ocrx_word' id='word_1_241' title='bbox 1009 2984 1049 3037; x_wconf 86' lang='lat'>19.</span> 
     </span>
    </p>

    <p class='ocr_par' dir='ltr' id='par_1_8' title="bbox 71 3053 1082 3704">
     <span class='ocr_line' id='line_1_30' title="bbox 150 3053 1051 3124; baseline -0.001 -15"><span class='ocrx_word' id='word_1_242' title='bbox 150 3056 222 3110; x_wconf 70' lang='lat' dir='ltr'>adt.</span> <span class='ocrx_word' id='word_1_243' title='bbox 250 3056 547 3119; x_wconf 70' lang='lat' dir='ltr'>subtilissubti-</span> <span class='ocrx_word' id='word_1_244' title='bbox 595 3085 597 3090; x_wconf 94' lang='lat'>·</span> <span class='ocrx_word' id='word_1_245' title='bbox 656 3053 1051 3124; x_wconf 78' lang='lat' dir='ltr'>ad5.spanoinsexeouu.</span> 
     </span>
     <span class='ocr_line' id='line_1_31' title="bbox 95 3125 1082 3196; baseline -0.001 -15"><span class='ocrx_word' id='word_1_246' title='bbox 95 3127 303 3190; x_wconf 76' lang='lat' dir='ltr'>leasutilis,</span> <span class='ocrx_word' id='word_1_247' title='bbox 320 3127 548 3182; x_wconf 85' lang='lat' dir='ltr'>sutnlesutro-</span> <span class='ocrx_word' id='word_1_248' title='bbox 600 3142 652 3196; x_wconf 89' lang='lat' dir='ltr'>pro</span> <span class='ocrx_word' id='word_1_249' title='bbox 671 3127 828 3194; x_wconf 88' lang='lat' dir='ltr'>hispano</span> <span class='ocrx_word' id='word_1_250' title='bbox 847 3125 906 3180; x_wconf 79' lang='lat'>254.</span> <span class='ocrx_word' id='word_1_251' title='bbox 927 3156 960 3164; x_wconf 91' lang='lat'>-</span> <span class='ocrx_word' id='word_1_252' title='bbox 979 3125 1052 3180; x_wconf 83' lang='lat' dir='ltr'>ele·</span> <span class='ocrx_word' id='word_1_253' title='bbox 1080 3150 1082 3152; x_wconf 90' lang='lat'>·</span> 
     </span>
     <span class='ocr_line' id='line_1_32' title="bbox 96 3196 1052 3322; baseline -0.002 -71"><span class='ocrx_word' id='word_1_254' title='bbox 96 3213 151 3322; x_wconf 54' lang='lat'>2¹¹⁰</span> <span class='ocrx_word' id='word_1_255' title='bbox 160 3197 224 3253; x_wconf 86' lang='lat' dir='ltr'>loeo</span> <span class='ocrx_word' id='word_1_256' title='bbox 239 3199 268 3251; x_wconf 92' lang='lat' dir='ltr'>in</span> <span class='ocrx_word' id='word_1_257' title='bbox 278 3199 361 3253; x_wconf 76' lang='lat' dir='ltr'><strong>codd.</strong></span> <span class='ocrx_word' id='word_1_258' title='bbox 372 3198 471 3254; x_wconf 87' lang='lat' dir='ltr'>eadem</span> <span class='ocrx_word' id='word_1_259' title='bbox 483 3213 547 3252; x_wconf 86' lang='lat' dir='ltr'>eon·</span> <span class='ocrx_word' id='word_1_260' title='bbox 601 3198 702 3261; x_wconf 84' lang='lat' dir='ltr'>nium,</span> <span class='ocrx_word' id='word_1_261' title='bbox 721 3196 766 3252; x_wconf 85' lang='lat' dir='ltr'>ell.</span> <span class='ocrx_word' id='word_1_262' title='bbox 777 3204 806 3253; x_wconf 91' lang='lat' dir='ltr'>et</span> <span class='ocrx_word' id='word_1_263' title='bbox 818 3198 858 3251; x_wconf 90' lang='grc'><strong>16.</strong></span> <span class='ocrx_word' id='word_1_264' title='bbox 871 3197 1052 3259; x_wconf 85' lang='lat' dir='ltr'>inlunium,</span> 
     </span>
     <span class='ocr_line' id='line_1_33' title="bbox 109 3267 1052 3337; baseline -0.002 -14"><span class='ocrx_word' id='word_1_265' title='bbox 109 3269 170 3323; x_wconf 82' lang='lat' dir='ltr'>usia</span> <span class='ocrx_word' id='word_1_266' title='bbox 189 3269 261 3324; x_wconf 81' lang='lat' dir='ltr'>Cels.</span> <span class='ocrx_word' id='word_1_267' title='bbox 288 3271 314 3332; x_wconf 88' lang='grc'>6,</span> <span class='ocrx_word' id='word_1_268' title='bbox 335 3271 376 3324; x_wconf 92' lang='grc'><strong>11.</strong></span> <span class='ocrx_word' id='word_1_269' title='bbox 402 3271 431 3324; x_wconf 91' lang='lat' dir='ltr'>in</span> <span class='ocrx_word' id='word_1_270' title='bbox 453 3269 546 3337; x_wconf 89' lang='lat' dir='ltr'>Priap.</span> <span class='ocrx_word' id='word_1_271' title='bbox 601 3271 630 3323; x_wconf 92' lang='lat' dir='ltr'>in</span> <span class='ocrx_word' id='word_1_272' title='bbox 650 3269 694 3325; x_wconf 86' lang='lat' dir='ltr'>ed.</span> <span class='ocrx_word' id='word_1_273' title='bbox 716 3285 756 3337; x_wconf 92' lang='lat' dir='ltr'>pr.</span> <span class='ocrx_word' id='word_1_274' title='bbox 781 3268 962 3324; x_wconf 86' lang='lat' dir='ltr'>helenium</span> <span class='ocrx_word' id='word_1_275' title='bbox 986 3267 1052 3321; x_wconf 87' lang='lat' dir='ltr'>smi-</span> 
     </span>
     <span class='ocr_line' id='line_1_34' title="bbox 97 3338 1051 3410; baseline -0.002 -17"><span class='ocrx_word' id='word_1_276' title='bbox 97 3341 140 3404; x_wconf 82' lang='lat'>19.</span> <span class='ocrx_word' id='word_1_277' title='bbox 160 3341 185 3395; x_wconf 88' lang='grc'>3.</span> <span class='ocrx_word' id='word_1_278' title='bbox 206 3339 292 3408; x_wconf 88' lang='lat' dir='ltr'>Apul.</span> <span class='ocrx_word' id='word_1_279' title='bbox 308 3345 372 3394; x_wconf 83' lang='lat' dir='ltr'>met.</span> <span class='ocrx_word' id='word_1_280' title='bbox 385 3343 408 3404; x_wconf 85' lang='lat'>1,</span> <span class='ocrx_word' id='word_1_281' title='bbox 423 3342 448 3394; x_wconf 93' lang='grc'><strong>6.</strong></span> <span class='ocrx_word' id='word_1_282' title='bbox 468 3341 548 3403; x_wconf 86' lang='grc'><strong>6,16.</strong></span> <span class='ocrx_word' id='word_1_283' title='bbox 602 3342 687 3404; x_wconf 86' lang='lat' dir='ltr'>bitur,</span> <span class='ocrx_word' id='word_1_284' title='bbox 706 3338 808 3392; x_wconf 74' lang='grc' dir='ltr'><strong>ἑλένιον.</strong></span> <span class='ocrx_word' id='word_1_285' title='bbox 821 3371 853 3380; x_wconf 90' lang='lat'><em>-</em></span> <span class='ocrx_word' id='word_1_286' title='bbox 873 3354 1051 3410; x_wconf 76' lang='lat' dir='ltr'>cyperum,</span> 
     </span>
     <span class='ocr_line' id='line_1_35' title="bbox 71 3409 1050 3481; baseline -0.004 -15"><span class='ocrx_word' id='word_1_287' title='bbox 71 3439 130 3449; x_wconf 90' lang='lat'>·—</span> <span class='ocrx_word' id='word_1_288' title='bbox 150 3417 185 3466; x_wconf 92' lang='lat' dir='ltr'>ut</span> <span class='ocrx_word' id='word_1_289' title='bbox 203 3413 288 3466; x_wconf 87' lang='lat' dir='ltr'>vino</span> <span class='ocrx_word' id='word_1_290' title='bbox 309 3410 549 3465; x_wconf 66' lang='lat' dir='ltr'>eodm-ater·</span> <span class='ocrx_word' id='word_1_291' title='bbox 603 3412 742 3481; x_wconf 85' lang='lat' dir='ltr'>aipery‚</span> <span class='ocrx_word' id='word_1_292' title='bbox 771 3412 885 3480; x_wconf 86' lang='lat' dir='ltr'>eiperi</span> <span class='ocrx_word' id='word_1_293' title='bbox 913 3409 1050 3464; x_wconf 77' lang='lat' dir='ltr'>scribitur.</span> 
     </span>
     <span class='ocr_line' id='line_1_36' title="bbox 96 3480 1050 3550; baseline 0 -14"><span class='ocrx_word' id='word_1_294' title='bbox 96 3480 468 3537; x_wconf 84' lang='lat' dir='ltr'>tiofaaiasetrosum</span> <span class='ocrx_word' id='word_1_295' title='bbox 484 3482 550 3536; x_wconf 85' lang='lat' dir='ltr'>exi·</span> <span class='ocrx_word' id='word_1_296' title='bbox 604 3511 635 3520; x_wconf 88' lang='lat'><em>—</em></span> <span class='ocrx_word' id='word_1_297' title='bbox 656 3483 833 3550; x_wconf 84' lang='lat' dir='ltr'>promisee</span> <span class='ocrx_word' id='word_1_298' title='bbox 858 3481 939 3536; x_wconf 83' lang='lat' dir='ltr'>aodd.</span> <span class='ocrx_word' id='word_1_299' title='bbox 959 3495 1050 3536; x_wconf 87' lang='lat' dir='ltr'>meum</span> 
     </span>
     <span class='ocr_line' id='line_1_37' title="bbox 97 3552 1051 3622; baseline -0.002 -15"><span class='ocrx_word' id='word_1_300' title='bbox 97 3553 162 3608; x_wconf 87' lang='lat' dir='ltr'>mis</span> <span class='ocrx_word' id='word_1_301' title='bbox 175 3569 210 3609; x_wconf 88' lang='lat' dir='ltr'>ex</span> <span class='ocrx_word' id='word_1_302' title='bbox 225 3558 264 3617; x_wconf 76' lang='grc' dir='ltr'>βπ</span> <span class='ocrx_word' id='word_1_303' title='bbox 276 3569 337 3608; x_wconf 84' lang='lat' dir='ltr'>aum</span> <span class='ocrx_word' id='word_1_304' title='bbox 348 3554 429 3609; x_wconf 90' lang='lat' dir='ltr'>Hum.</span> <span class='ocrx_word' id='word_1_305' title='bbox 445 3552 551 3607; x_wconf 86' lang='lat' dir='ltr'>addidi.</span> <span class='ocrx_word' id='word_1_306' title='bbox 605 3559 724 3622; x_wconf 84' lang='lat' dir='ltr'>„porro“</span> <span class='ocrx_word' id='word_1_307' title='bbox 743 3553 872 3608; x_wconf 83' lang='lat' dir='ltr'>hortatur</span> <span class='ocrx_word' id='word_1_308' title='bbox 890 3558 921 3606; x_wconf 88' lang='lat' dir='ltr'>et</span> <span class='ocrx_word' id='word_1_309' title='bbox 938 3552 975 3606; x_wconf 87' lang='lat' dir='ltr'>ad</span> <span class='ocrx_word' id='word_1_310' title='bbox 987 3553 1051 3617; x_wconf 87' lang='lat' dir='ltr'>mis-</span> 
     </span>
     <span class='ocr_line' id='line_1_38' title="bbox 98 3622 928 3704; baseline -0.004 -24"><span class='ocrx_word' id='word_1_311' title='bbox 98 3651 130 3704; x_wconf 64' lang='grc' dir='ltr'>ς-</span> <span class='ocrx_word' id='word_1_312' title='bbox 143 3624 385 3682; x_wconf 80' lang='lat' dir='ltr'>deviolaeium</span> <span class='ocrx_word' id='word_1_313' title='bbox 396 3622 490 3697; x_wconf 68' lang='grc' dir='ltr'>βγδθκ.</span> <span class='ocrx_word' id='word_1_314' title='bbox 510 3624 552 3681; x_wconf 87' lang='lat' dir='ltr'>de</span> <span class='ocrx_word' id='word_1_315' title='bbox 606 3624 723 3680; x_wconf 74' lang='lat' dir='ltr'>cendum</span> <span class='ocrx_word' id='word_1_316' title='bbox 741 3631 823 3696; x_wconf 81' lang='lat' dir='ltr'>urget</span> <span class='ocrx_word' id='word_1_317' title='bbox 841 3624 928 3700; x_wconf 86' lang='lat' dir='ltr'>quasi.</span> 
     </span>
    </p>
   </div>
   <div class='ocr_carea' id='block_1_6' title="bbox 0 0 1259 4178">
    <p class='ocr_par' dir='ltr' id='par_1_9' title="bbox 0 0 1259 4178">
     <span class='ocr_line' id='line_1_39' title="bbox 0 0 1259 4178; baseline 0 0"><span class='ocrx_word' id='word_1_318' title='bbox 0 0 1259 4178; x_wconf 95' lang='lat' dir='ltr'> </span> 
     </span>
    </p>
   </div>
  </div>
 </body>
</html>
