2498 4178
242 398 284 462 78
541 399 603 453 Lib.
621 398 672 455 IV.
707 398 875 455 Pandectes.

241 556 346 643 neam]
379 577 441 622 ova
470 557 665 640 confringes,
695 558 727 621 in
758 560 940 625 caccabum
974 569 1011 628 et
1045 564 1206 633 dissolves

241 647 364 711 adicies
382 647 415 711 in
434 647 617 712 mortarium
633 648 736 733 piper,
758 647 948 731 ligistieum,
974 650 1131 735 fricabis,
1151 654 1206 720 sul·

242 735 358 801 fundes
388 735 559 815 liquamen,
591 736 708 816 riuum,
741 755 885 820 passum,
922 738 1042 805 oleum
1075 742 1206 825 modice,

241 823 444 891 reexinanies
466 825 499 887 in
516 825 699 907 caccabum,
723 823 823 889 facies
840 832 875 888 ut
889 824 1039 911 ferveat,
1066 831 1207 897 cumscr-

241 912 344 976 vuerit
374 918 406 976 et
436 913 569 994 obligas.
601 914 718 998 pulpas
748 932 829 993 quas
858 914 1081 983 subcultrasti
1109 920 1144 985 in
1163 921 1207 985 ius

242 1000 348 1064 mittis.
371 1001 537 1066 substerne
561 1021 619 1087 per
642 999 802 1086 diploides
829 1001 979 1085 patinam
1011 1026 1158 1073 aeneam
1178 1014 1208 1075 et

242 1089 368 1153 trullam
390 1089 521 1173 plenam
542 1090 663 1176 pulpae
686 1096 718 1154 et
740 1088 911 1175 dispargen
934 1092 1053 1159 oleum
1075 1098 1205 1181 etluga

242 1198 317 1243 num
346 1197 448 1265 pones
477 1178 630 1243 similiter.
661 1182 815 1260 quotquot
841 1179 964 1261 lagana
984 1186 1144 1268 posueris
1163 1192 1207 1251 tot

241 1267 351 1333 trullas
373 1268 529 1354 inpensae
552 1266 684 1332 adicies.
708 1287 804 1331 unum
827 1267 984 1349 laganum
1008 1270 1123 1338 fistula
1138 1294 1204 1361 per·

244 1358 355 1437 eutice,
387 1378 407 1422 a
436 1355 605 1443 superficie
628 1375 738 1421 versas
768 1353 937 1438 indusium,
970 1376 1079 1446 super
1101 1362 1203 1429 focum

243 1464 356 1531 pones.
380 1444 473 1531 piper
496 1444 644 1529 aspargis
668 1450 700 1510 et
721 1443 849 1510 inferes.

312 1533 385 1598 136.
416 1533 567 1599 Patina
597 1532 823 1599 versatilis
852 1532 946 1599 vice
976 1534 1119 1605 dulei:
1150 1560 1201 1607 uu·

244 1623 331 1688 cleos
354 1621 477 1708 pineus,
501 1642 599 1688 nuces
621 1622 740 1688 fractas
764 1628 796 1688 et
817 1628 974 1708 purgatas
995 1662 1043 1673 —
1066 1636 1104 1693 at
1118 1634 1199 1696 torre

243 1731 358 1796 passas
376 1717 518 1777 —teres
536 1732 606 1777 cum
621 1712 726 1793 melle,
746 1711 868 1797 pipere,
891 1711 1081 1799 liquamine,
1106 1718 1198 1801 lacte,

244 1800 322 1880 ovis,
345 1800 471 1865 modico
494 1819 582 1865 mero
606 1807 638 1866 et
660 1801 743 1866 0160.

312 1890 384 1953 137.
408 1889 615 1953 Patellam
637 1888 921 1953 tirotaricam:
946 1909 1198 1979 exquocunque

243 1978 330 2043 salso
353 1977 502 2057 volueris,
527 1997 646 2060 coques
670 1997 711 2042 ex
735 1978 817 2058 oleo,
842 1978 1019 2044 exossabis.
1055 1988 1199 2049 616606-

244 2068 330 2133 bella
346 2072 448 2147 cocta,
472 2067 588 2152 pulpas
604 2065 749 2150 piscium,
770 2066 934 2130 iecuscula
948 2067 1121 2152 pullorum,
1140 2092 1199 2137 ova

244 2155 334 2238 dura,
367 2174 497 2222 caseum
527 2155 654 2219 mollem
687 2154 890 2220 excaldatum
915 2192 953 2203 -
984 2154 1199 2225 haecomnia

244 2336 406 2386 sternere
426 2332 548 2399 (110.οπ
566 2347 616 2399 pro
632 2330 692 2385 vul·
745 2328 776 2383 lii
785 2346 808 2387 s.
817 2330 972 2399 placentae.
984 2332 1102 2389 dulcis
1116 2336 1195 2391 Hunc

244 2402 305 2469 gari
323 2402 511 2455 substerne
528 2401 596 2469 dip.
616 2401 693 2471 quod
746 2400 781 2455 de
792 2401 919 2456 dulcibus
928 2402 1080 2459 eoo-305.
1092 2413 1196 2462 attor-

246 2474 307 2535 ,re“
328 2469 394 2522 mihi
413 2476 456 2523 est
472 2475 552 2537 „per“
570 2472 631 2526 134.
652 2473 693 2526 sic
746 2472 849 2527 rebas
864 2487 921 2526 eas
936 2472 1102 2537 velatura
1116 2476 1196 2531 codd

244 2540 369 2593 Halmius
382 2542 599 2596 nosterFlorum
609 2558 637 2611 p.
647 2544 691 2605 31,
746 2543 950 2598 attorrebis
976 2544 1020 2598 ed.
1045 2561 1089 2614 pr.
1119 2546 1198 2602 Hum.

245 2611 270 2665 5.
290 2611 410 2665 conexit
427 2610 514 2678 praef.
538 2629 564 2680 p.
584 2614 632 2667 lX.
660 2643 691 2650 -
747 2614 976 2669 meumbassas
995 2621 1198 2683 estorassas,

244 2681 375 2751 pulpae
395 2682 530 2744 concisae,
550 2684 618 2745 sicii,
644 2683 693 2737 im·
747 2684 874 2752 pingues,
892 2685 1015 2740 nondum
1034 2687 1135 2753 siccas,
1159 2688 1198 2743 vi·

244 2767 355 2822 pensae.
385 2783 419 2793 -
445 2768 568 2808 verres
594 2753 694 2808 indu·
747 2755 830 2819 rides,
856 2760 887 2808 ut
910 2760 975 2809 sunt
999 2757 1121 2827 pingues
1145 2754 1197 2815 fici.

244 2824 374 2880 sium--
392 2841 505 2894 pones
525 2826 693 2893 tentavipro
749 2826 833 2879 etiam
858 2827 929 2879 coni.
957 2826 1138 2884 basilicas
1165 2844 1198 2885 ex

244 2912 367 2953 versas
390 2897 418 2951 in
442 2898 576 2952 diacum
600 2897 693 2950 insu·
748 2896 819 2949 Plin.
841 2898 882 2959 15,
901 2897 944 2950 87.
964 2898 1089 2959 Macrcb.
1109 2901 1197 2963 sat3,

245 2984 308 3038 per
326 2969 361 3023 in
384 2968 618 3038 superficiem
636 2982 694 3036 po-
750 2967 793 3030 18,
812 2967 837 3021 4.
858 2983 919 3021 cum
937 2968 996 3023 Ian.

244 3055 308 3096 nes
326 3044 358 3094 ut
374 3040 414 3093 sit
426 3056 560 3107 „superne
579 3038 620 3088 ἐπ’
633 3037 694 3088 ἐπι-
803 3038 840 3091 ad
855 3039 913 3092 137.
934 3041 1199 3109 tyrotarichum

245 3110 334 3175 uotis,
352 3108 441 3172 mehe,
455 3109 588 3173 distrahe,
612 3124 696 3176 super
749 3108 830 3163 Hum.
859 3114 889 3163 et
912 3110 1014 3178 pisce
1039 3113 1142 3169 salso
1166 3128 1200 3169 ex

244 3179 329 3235 indue
354 3178 485 3247 laganum
509 3195 561 3248 pro
585 3180 696 3234 indusio
751 3180 812 3234 cod.
827 3195 886 3235 suo.
900 3182 1199 3253 exossabisinpul·

265 3250 336 3313 uasi,
364 3249 443 3303 aiche
471 3250 516 3304 ein
550 3249 698 3304 oberkleid
751 3265 801 3319 pas
821 3266 917 3319 carpes
938 3254 996 3307 151.
1017 3262 1201 3324 quaepostea

245 3266 290 3377 ds
308 3318 407 3375 deokol
427 3319 536 3375 dnibcr.
752 3323 977 3380 cumaliisrebus
988 3322 1127 3380 calefiunt
1139 3340 1201 3383 ova

300 3390 338 3445 ud
357 3390 416 3445 136.
446 3390 544 3446 eadem
572 3387 630 3445 iere
648 3405 698 3460 pa·
752 3393 841 3447 dura
858 3409 917 3462 par.
943 3402 972 3450 et
991 3396 1054 3452 cod.
1072 3397 1153 3452 Hum.
1172 3398 1201 3452 in

247 3456 309 3515 tina
325 3466 370 3519 est
385 3462 445 3517 122.
465 3461 568 3517 dulei
586 3462 699 3519 videtur
751 3464 865 3533 reliquis
884 3482 937 3519 om.
958 3498 991 3506 -
1017 3467 1154 3522 excald.
1173 3468 1201 3523 in

249 3526 344 3595 duldl,
361 3536 394 3587 ut
411 3532 699 3591 sitloeodulcisedu-
752 3549 852 3603 aquam
879 3537 997 3592 calidam
1016 3538 1154 3595 immarus
1173 3542 1202 3595 et
