2498 4178
206 453 249 524 26
609 453 760 513 Praefatio.

207 622 262 684 aut
292 614 353 682 hoc
384 635 456 683 esse
487 615 626 699 denique
656 623 765 704 putem
795 616 881 700 quod
908 616 986 682 Tuis
1010 637 1088 700 erga
1110 636 1161 683 me

206 723 325 791 meritis
349 723 514 806 debeatur,
543 744 651 790 verum
677 744 747 790 cum
770 724 899 810 prodire
923 725 1026 790 nollet
1048 725 1081 789 in
1106 745 1160 811 pu-

206 831 324 897 blicum
347 831 428 897 liber
450 831 519 897 sine
548 832 737 915 patrocinio,
770 831 873 895 Tuum
902 832 1077 917 praecipue
1101 831 1161 897 sibi

205 957 299 1004 nome
311 937 503 1021 ninseripsit
528 958 568 1003 ex
587 958 648 1020 quo
664 938 759 1002 tutior
774 936 857 1003 foret
874 944 969 1018 atquc
986 937 1160 1005 honestior.

206 1062 305 1129 quare
328 1045 456 1128 suscipe
480 1064 600 1129 quaeso
625 1043 779 1126 quidquid
811 1044 872 1110 hoc
897 1051 945 1109 est
967 1044 1031 1109 mei
1055 1044 1161 1109 foetus

206 1171 269 1236 qua
299 1171 350 1217 me
380 1171 505 1233 quoque
536 1152 640 1238 ipsum
672 1151 758 1216 soles
785 1149 981 1216 humanitate
1014 1170 1162 1235 quaeque

205 1263 295 1325 tanta
319 1264 367 1325 est
389 1265 423 1322 ut
445 1258 493 1324 Te
516 1258 591 1324 boni
615 1258 829 1323 consulturum
854 1256 1007 1341 quidquid
1028 1277 1049 1322 a
1068 1257 1161 1323 nobis

206 1365 426 1453 proficiscatur
438 1363 625 1430 existimem.
647 1364 794 1450 Apicium
807 1365 891 1430 hunc
904 1370 1045 1428 nost-rum
1058 1363 1161 1430 donec

207 1471 328 1537 maiora
358 1471 432 1538 Tibi
461 1491 501 1537 ac
529 1471 666 1536 fortasse
694 1472 827 1537 meliora
849 1470 1041 1557 parturimus
1064 1470 1163 1535 veluti

207 1577 409 1665 praeludium
433 1576 563 1660 aliquod
588 1579 656 1643 veri
678 1578 815 1659 iustique
838 1578 967 1657 laboris,
992 1597 1053 1659 quo
1070 1577 1162 1644 citius

209 1683 322 1750 rudem
346 1685 514 1771 accipiam,
538 1685 624 1750 laeta
646 1703 797 1767 rogamus
820 1684 924 1749 fronte
949 1684 1100 1771 excipias.

254 1792 383 1858 Dabam
407 1812 448 1857 ex
470 1793 614 1857 museolo
637 1796 745 1856 nostro
770 1791 855 1876 quod
879 1796 928 1857 est

295 1880 339 1946 ad
361 1880 467 1946 sontes
491 1880 670 1946 danubinos
693 1879 774 1946 Idib.
799 1889 878 1955 Dec.

463 1969 691 2037 MDCCCLVI.

499 2611 692 2679 CODICUM
715 2611 871 2679 NOTAE.

224 2816 228 2826 ·
257 2799 277 2858 β
294 2792 391 2848 Codex
408 2791 560 2846 Vaticanus
582 2790 650 2844 1146
669 2789 732 2844 circ.
751 2788 778 2843 X
796 2804 850 2844 see.

259 2885 275 2933 y
293 2864 390 2920 Codex
407 2863 559 2918 Vaticanus
579 2862 649 2916 1145
667 2876 722 2916 seo.
741 2860 816 2915 XIV.

258 2956 278 2986 π
297 2936 394 2992 Codex
412 2935 554 2989 Parisinus
573 2933 651 2988 6167.

259 3005 276 3055 δ
296 3007 392 3062 Codex
409 3005 586 3061 Florentinus
604 3006 734 3058 Laureut.
754 3003 817 3058 cod.
836 3003 873 3056 20
890 3001 960 3070 plut.
981 3002 1022 3054 73.
1141 3004 1145 3011 “

259 3080 272 3138 ζ
340 3119 353 3145 „
482 3117 494 3142 „
604 3075 639 3129 26
656 3074 784 3128 Riccard.
806 3073 883 3128 1464.

258 3153 279 3199 θ
340 3190 353 3215 a
482 3187 494 3213 a
604 3147 638 3200 29
712 3185 725 3210 a

483 3258 495 3283 ,‚
606 3217 640 3269 67
656 3218 788 3271 Laurens.

257 3291 327 3348 Cod.
347 3289 464 3351 Salmas,
484 3288 579 3343 Codex
598 3287 786 3342 Salmasianus
806 3285 872 3351 (vid.
892 3283 979 3353 praei.
1001 3301 1028 3353 p.
1049 3285 1102 3348 21).

257 3363 309 3417 Ed.
328 3378 380 3430 pr,
398 3360 495 3415 Editio
513 3359 642 3428 princeps
661 3359 770 3414 Veneta
789 3356 855 3425 (vid.
874 3354 961 3423 praef.
981 3371 1009 3424 p.
1031 3355 1083 3420 13).

257 3435 291 3489 Η.
311 3450 332 3488 s.
352 3433 443 3494 Eum,
462 3430 643 3498 Humelbergi
661 3429 756 3483 Editio
776 3427 843 3496 (vid.
863 3425 950 3495 praef.
970 3442 997 3494 p.
1018 3424 1071 3490 14).

257 3505 323 3562 Tor.
342 3503 403 3569 Ed,
422 3503 518 3557 Torini
536 3501 624 3557 editio
643 3501 711 3569 (vid.
730 3497 818 3568 praei.
838 3514 866 3565 p.
887 3496 940 3561 14).

575 3659 787 3671 Μ
